2535 3862
664 221 722 285 C
770 240 813 284 A
859 240 892 284 P
942 237 964 279 1
1012 239 1053 280 T
1100 240 1142 282 U
1192 241 1242 283 M
1268 264 1285 284 .
1664 242 1837 292 xvu

117 400 216 465 De
249 399 451 467 Buccis
470 450 489 479 ‚
504 401 640 491 sive
676 405 958 471 Flocculis
975 454 996 483 ,
1037 407 1504 497 propendentibus
1539 408 1610 475 ab
1646 431 1843 479 extre·

210 498 506 562 mitatibus
548 501 723 565 Pallae
757 548 778 579 ‚
810 502 914 590 fi’u
950 502 1081 567 veli
1114 549 1135 578 ,
1194 529 1299 593 quo
1352 505 1533 571 Venus
1578 513 1640 572 in
1675 508 1845 578 Gem-

209 614 299 654 ma
342 593 629 658 obducitur
673 600 734 658 in
769 595 1028 684 infi’riori
1065 614 1272 681 parte.
1723 614 1818 687 46
1822 653 1838 669 ,

118 875 215 941 De
252 873 412 940 Ludo
443 919 466 953 ‚
519 898 675 964 quem
715 783 1182 943 ludericgicgtur
1236 877 1420 944 Venus
1467 884 1528 946 in
1568 880 1845 961 Gemma,

210 969 450 1058 aliisque
485 970 764 1034 nonnullis
811 968 994 1036 Ludis
1025 974 1345 1058 puerilibus
1406 974 1668 1043 Veterum
1705 1026 1727 1057 ,
1777 976 1849 1042 ab

215 1063 571 1153 Philofhplyis
599 1113 616 1140 ‚
667 1064 923 1155 Regibus
959 1113 982 1144 ,
1020 1061 1459 1156 Imperatoribus
1497 1118 1519 1148 ‚
1574 1075 1647 1138 Εἴ
1707 1073 1849 1139 Diis

210 1165 465 1250 gentium
512 1159 789 1248 usurpatis
815 1208 830 1223 .
1729 1190 1845 1251 47.

852 1259 919 1321 X
937 1258 1002 1320 V
1022 1257 1053 1318 I
1080 1259 1113 1321 I
1149 1263 1162 1276 ”

122 1348 299 1443 ,Qud
323 1349 527 1413 Aulus
560 1350 806 1413 indicare
840 1350 1102 1416 voluerit
1131 1370 1233 1438 per
1264 1352 1405 1417 hanc
1438 1353 1593 1420 Ludi
1605 1354 1848 1445 speciem

220 1449 280 1508 in
285 1444 489 1532 figura
533 1442 804 1508 Veneris?
1736 1473 1769 1535 5
1790 1477 1844 1517 1.

831 1541 896 1602 X
921 1544 984 1603 V
1008 1543 1036 1603 I
1063 1541 1094 1602 l
1122 1542 1153 1604 I

5 1620 12 1626 ’
121 1630 327 1726 Qnre
373 1629 595 1695 Veteres
633 1631 869 1697 Ethnici
898 1632 1061 1696 ludos
1105 1630 1481 1719 confiderent,
1521 1660 1585 1702 ac
1603 1637 1750 1728 slepe.
1786 1641 1848 1700 in

217 1729 467 1795 Geminis
506 1733 920 1813 exprimerent?
966 1727 1361 1818 inves‘iigatur
1388 1779 1404 1795 .
1736 1752 1844 1816 54.

882 1921 946 1983 X
970 1921 1001 1981 Ι
1029 1921 1094 1984 Χ

126 2013 500 2098 Exponuntur
542 2010 811 2072 nonnulle
855 2034 1085 2076 veteres
1129 2007 1526 2098 Insiriptiones
1566 2061 1586 2090 ‚
1627 2036 1743 2105 quae
1781 2014 1849 2078 de

220 2105 395 2195 efficio
433 2131 466 2171 a
514 2103 960 2193 Voluptatibus
1001 2108 1364 2171 meminerunt
1391 2156 1407 2174 .
1736 2130 1843 2190 57.

913 2297 977 2359 X
1002 2297 1067 2359 X

140 2388 409 2457 Vetusius
454 2391 600 2454 nlius
640 2385 875 2454 Titulus
915 2386 1247 2454 illustratur
1272 2435 1288 2451 .
1727 2403 1843 2459 62,

887 2584 951 2646 X
972 2584 1035 2645 X
1060 2584 1092 2645 Ι

139 2667 207 2736 In
245 2674 494 2761 antiquis
531 2671 776 2738 Gemmis
821 2676 1031 2740 caelatis
1067 2676 1326 2767 mysteria
1342 2669 1847 2766 frequentiffi'mss,

233 2768 578 2835 occultantur
601 2815 615 2829 .
1729 2786 1779 2839 ό·
1778 2799 1847 2851 9.

1118 2985 1151 3023 c
1619 2961 1849 3028 Gemma
