2535 3862
435 170 975 233 Expm'cmus
1038 177 1230 233 PARS
1275 177 1321 230 1.
1697 197 1735 253 9

36 279 260 348 matico
312 300 386 342 ex
433 273 594 341 libro
633 299 790 341 V11.
842 283 970 356 (1)
1022 273 1127 340 ubi
1177 276 1462 343 locorum
1498 278 1740 368 Juliani

32 370 345 465 Apostatae
385 374 718 437 immanem
763 373 1147 463 impietatem
1186 368 1482 440 testantur
1522 373 1743 442 adver·-

28 468 129 536 sus
179 473 431 538 Sacram
479 468 827 557 Imaginem
873 493 890 531 ε
965 463 1040 528 de
1101 488 1221 552 qua
1271 466 1440 535 idem
1488 491 1744 541 narrant

30 560 436 633 Gaffiodorus
486 565 743 630 Senator
792 563 855 624 in
905 556 1190 626 Historia
1238 561 1588 654 Tripartita
1636 576 1746 652 (2)

32 661 260 749 aliique
294 658 659 726 recentiores
683 702 698 717 .
737 657 912 720 Licet
944 655 1107 719 enim
1128 655 1422 744 Julianus
1459 664 1747 729 Statuam

34 752 261 821 Christi
305 753 592 838 dejecerit
626 797 648 827 ,
693 774 762 814 ac
806 751 945 814 loco
986 751 1304 816 moverint
1329 800 1352 831 ,
1391 750 1458 822 ὅ(
1502 752 1749 822 confi-e..

31 851 234 940 gerint
273 849 502 941 Pagani
546 868 653 936 per
691 843 938 918 Urbem
977 845 1283 912 trahentes
1311 895 1333 927 ‚
1371 847 1565 916 verba
1606 847 1751 919 sunt

36 947 368 1011 sozomeni
418 950 526 1026 (3)
578 954 710 1010 Μεπὶ
746 951 808 1010 σθὲ
846 954 998 1009 ταῦτα
1042 953 1082 1009 οἷ
1106 957 1329 1030 agrotum)
1366 956 1684 1033 συλλέξαντες
1724 967 1748 1029 ‚'

32 1055 83 1108 ἐν
117 1052 185 1124 τῇ
209 1050 455 1110 (ἐκκλησίαι
491 1047 732 1107 ἐπέθεντο
763 1087 781 1111 ,
842 1048 957 1103 ’ἔνθα
1008 1054 1079 1121 γωδ]
1116 1051 1207 1108 νωῖ
1246 1052 1526 1119 Quadam-eu
1556 1100 1576 1131 5
1611 1068 1745 1134 quae

33 1135 120 1198 ita
173 1137 361 1200 vertit
411 1135 722 1201 Henricus
779 1127 1065 1198 Valefius
1126 1134 1228 1225 (4)
1275 1164 1291 1200 :
1350 1138 1544 1227 poster}
1594 1164 1745 1207 vero

35 1227 358 1293 Christiani
410 1227 694 1293 colleflam
757 1232 820 1290 in
875 1227 1121 1316 Ecclqfi'a
1170 1233 1521 1322 repofiterunt
1557 1278 1577 1312 ‚
1644 1231 1744 1300 ubi

33 1326 345 1387 etiamnunc
364 1323 652 1409 sbrvatur
686 1372 700 1387 .
753 1320 1197 1415 Philostorgius
1249 1328 1310 1392 in
1360 1328 1475 1395 hoc
1518 1328 1746 1398 discre-

31 1433 137 1505 pat
184 1441 218 1480 a
267 1420 615 1480 Sozomeno
654 1460 677 1489 ‚
738 1414 906 1501 quod
968 1422 1254 1482 Statuam
1317 1443 1441 1485 non
1500 1426 1564 1487 in
1621 1429 1743 1490 Ec·-

33 1505 210 1574 clefia
248 1512 616 1576 collocatam
659 1502 830 1572 fuisse
877 1507 964 1572 ait
998 1555 1019 1585 ‚
1069 1506 1174 1575 sed
1214 1513 1276 1578 in
1316 1518 1584 1587 Δίαιωγικῷ
1625 1523 1742 1586 Ec..

32 1600 222 1669 clefiae
282 1602 612 1696 repositam
669 1652 684 1667 .
761 1605 1133 1694 Utcumque
1201 1603 1260 1672 se
1330 1633 1424 1676 res
1493 1612 1678 1684 habet
1717 1667 1741 1700 ,

29 1698 419 1789 perspicuum
464 1699 602 1766 inde
644 1693 726 1762 est
753 1746 774 1776 ,
806 1703 1089 1765 Statuam
1140 1699 1328 1793 usque
1370 1706 1449 1773 ad
1476 1716 1741 1781 Annum

28 1792 257 1861 Christi
304 1814 628 1855 cccrxn.
679 1815 805 1883 quo
857 1795 1085 1884 impius
1129 1798 1433 1890 Apostata
1484 1803 1740 1876 saevire„

24 1890 216 1978 coepit
264 1890 325 1952 in
370 1911 478 1951 nos
518 1935 537 1964 ,
590 1889 864 1955 Paneade
904 1887 1120 1958 stetisse
1164 1941 1185 1971 ‚
1237 1919 1429 1986 neque
1477 1902 1736 1994 indigno

21 2001 268 2073 patrato
314 1979 584 2048 facinore
624 2031 645 2060 ‚
686 1982 1050 2077 flagitioque
1097 1992 1354 2054 omnino
1397 1993 1674 2062 defecisse
1715 2048 1731 2063 .

25 2084 235 2166 Atque
279 2082 364 2142 ita
411 2079 700 2166 explicari
746 2079 928 2148 debet
958 2076 1238 2145 Asterius
1266 2087 1552 2154 Amaseae
1589 2096 1738 2181 Epi-

23 2169 241 2262 scopus
284 2176 346 2236 in
390 2171 776 2237 Bibliotheca
821 2175 1025 2244 Photii
1080 2182 1189 2257 (5)
1228 2223 1249 2252 ,
1299 2180 1401 2244 ubi
1442 2181 1737 2255 Statuam

27 2290 254 2330 aeneam
297 2270 486 2332 Anno
508 2264 741 2332 Christi
781 2291 964 2332 cccc
989 2315 1007 2344 ,
1061 2292 1183 2358 quo
1225 2268 1526 2346 scribebat
1554 2330 1575 2359 ,
1610 2305 1733 2351 non

24 2362 288 2451 amplius
326 2358 554 2425 exstare
599 2361 847 2453 prodit,
889 2386 1108 2452 nempe
1155 2367 1502 2462 integram,
1544 2398 1732 2467 atque

26 2457 402 2520 incolumem
425 2504 445 2533 ,
488 2476 557 2527 ut
600 2477 772 2524 antea
812 2456 920 2527 suo
962 2466 1102 2528 loco
1143 2465 1507 2537 cernebatur
1535 2523 1548 2537 .
1591 2478 1733 2540 Nec

30 2551 226 2617 latum
260 2550 506 2640 quidem
553 2574 827 2647 unguem
888 2582 989 2622 me
1033 2579 1253 2625 movet
1298 2561 1548 2635 Eusebii
1588 2575 1737 2663 Epi-

1120 2659 1169 2720 B
1549 2663 1731 2764 stola⁵

85 2759 147 2807 (π)
185 2762 213 2803 9.
233 2769 271 2805 3.
951 2773 1016 2821 (4)
1049 2775 1444 2830 Edit-Moguntinegm
1456 2788 1515 2816 nc
1527 2789 1732 2824 Lxxv11.

86 2815 146 2858 (ι)
178 2814 238 2852 De
258 2815 413 2867 Regim.
447 2819 618 2861 Eccierfae
639 2818 842 2871 primitiva:
897 2824 934 2865 in
954 2825 1022 2868 fol.
1041 2842 1127 2881 pag.
1146 2836 1239 2872 629.

35 2864 123 2906 Lib·
141 2878 204 2903 vx.
227 2869 326 2916 Cap.
350 2880 375 2907 x
389 2881 448 2908 LI.
959 2883 1022 2928 (ς)
1056 2886 1111 2921 Ex
1129 2883 1247 2921 latina
1265 2885 1430 2925 versione
1447 2887 1605 2927 Andreae
1620 2890 1730 2929 Scot—

87 2923 150 2968 (ς)
180 2921 268 2962 Lib·
286 2938 323 2962 v.
342 2925 442 2979 cap.
461 2939 555 2970 xxx.
907 2933 938 2971 ti
959 2938 1207 2986 Antuerpien.
1236 2951 1326 2990 pag.
1348 2947 1462 2985 1507-
1494 2942 1728 2995 edit-Loliva

903 2989 1010 3033 Pauli
1028 2990 1224 3045 Stephani.
1245 3004 1277 3030 Μ
1290 3004 1349 3033 Dc
1362 3005 1388 3034 x
1399 3006 1414 3033 1
1426 3019 1437 3033 ·
1454 2996 1491 3037 in
1509 2996 1578 3038 fol.

1843 283 1988 331 CAP.
2036 289 2095 334 IX
