2535 3862
684 244 782 340 76
1137 239 1210 308 A
1263 258 1302 308 Ρ
1357 258 1397 308 Ρ
1450 253 1492 304 Ε
1546 252 1606 305 N
1661 253 1717 305 D
1773 253 1792 304 1
1848 255 1938 304 X.

676 362 928 441 aperta
975 341 1304 437 spelunca
1350 401 1374 435 9
1431 338 1631 410 Beati
1685 336 1850 407 Viri
1899 337 2327 429 evigilabant
2355 403 2380 437 9

680 449 1045 518 mittentes
1093 442 1477 512 Malchum
1531 437 1888 535 Ephesum
1936 440 2021 510 ad
2062 463 2269 534 panes
2311 469 2380 515 e-

673 550 1002 620 mendos.
1036 547 1230 619 Cum
1263 563 1503 614 autem
1545 543 1847 635 egressus
1883 543 2042 614 effet
2075 541 2197 611 ille
2229 543 2378 637 spe-

670 651 954 724 luncam
984 713 1007 747 9
1063 648 1135 717 &
1163 670 1291 742 per
1331 665 1562 717 totam
1600 646 1970 717 civitatem
2001 645 2277 716 videret
2305 643 2384 714 s1-

660 777 894 848 gnum
925 752 1184 826 Crucis
1212 773 1594 848 apparere9
1618 749 1979 820 dubitavit
2020 746 2378 842 Ephesum

664 858 793 930 effe
825 880 842 923 :
887 854 1003 927 secl
1032 873 1269 925 tamen
1303 853 1707 948 progressus
1755 851 1889 927 ests
1939 850 2011 919 ὅ(
2040 850 2380 922 extraclis

662 959 1019 1051 argenteis
1053 976 1135 1028 ut
1176 975 1443 1027 emeret
1491 979 1704 1051 panes
1733 1018 1757 1051 9
1809 951 2045 1026 tentus
2095 951 2189 1024 est
2228 1015 2252 1048 9
2301 950 2376 1019 <Sc

657 1061 914 1132 duetus
963 1061 1051 1130 ad
1108 1056 1651 1129 proconsulem.
1694 1058 2097 1153 Requirens
2152 1057 2375 1148 igitur

656 1160 1036 1234 Proconsul
1067 1162 1151 1230 ab
1181 1185 1259 1231 eo
1278 1222 1300 1256 9
1329 1157 1381 1227 fi
1409 1156 1823 1229 thesaurum
1851 1158 2208 1253 reperisset
2228 1219 2251 1251 9
2276 1156 2377 1227 di-

650 1266 771 1338 xit
831 1264 1023 1362 quod
1067 1287 1156 1334 ex
1188 1260 1457 1333 sacculo
1484 1259 1772 1331 suorum
1796 1278 2176 1355 parentum
2212 1258 2375 1330 illos

651 1367 943 1439 haberet
965 1432 988 1467 9
1019 1363 1403 1437 Proconsul
1427 1382 1667 1436 autem
1691 1363 1876 1434 dixit
1894 1419 1912 1433 ,
1930 1365 2110 1435 Haec
2137 1359 2375 1457 super-

647 1467 943 1566 scriptio
996 1468 1089 1540 est
1141 1467 1527 1566 plusquam
1577 1485 2059 1539 trecentorum
2091 1463 2369 1560 septua-

646 1574 857 1665 ginta
881 1574 1187 1644 duorum
1213 1594 1558 1643 annorum
1585 1633 1609 1668 9
1634 1567 1708 1636 &
1733 1572 2139 1665 primorum
2166 1589 2370 1640 anno-

647 1697 815 1744 rum
834 1676 1048 1748 Decii
1080 1675 1546 1771 Imperatoris
1575 1728 1593 1742 .
1617 1671 1959 1744 Malchus
1986 1674 2228 1770 itaque
2250 1694 2367 1743 au-

641 1777 838 1848 diens
865 1800 904 1845 a
930 1779 1222 1847 Marino
1248 1776 1598 1870 Episcopo
1617 1836 1641 1866 9
1668 1773 1741 1840 &
1770 1777 1854 1845 ab
1879 1776 2035 1846 aliis
2057 1766 2363 1845 Decium

638 1879 766 1949 diu
794 1896 1165 1948 mortuum
1184 1939 1207 1971 9
1234 1874 1570 1970 praeceffit
1597 1895 1713 1943 eos
1736 1874 1958 1971 usque
1993 1876 2082 1945 ad
2103 1873 2360 1946 ostium

636 1977 987 2076 speluncae
1014 2033 1029 2045 .
1058 1980 1200 2051 Ubi
1246 1978 1317 2046 in
1341 1993 1547 2071 parte
1583 1973 1881 2046 dextera
1931 1979 2358 2051 invenerunt

640 2081 958 2153 tabulam
985 2080 1397 2175 plumbeam
1420 2141 1445 2175 9
1477 2077 1950 2150 continentem
1992 2079 2354 2176 quomodo

632 2207 674 2255 a
723 2183 908 2255 facie
954 2184 1160 2254 Decii
1209 2183 1379 2252 Viri
1417 2180 1744 2276 praedicti
1782 2180 2157 2274 fugierunt
2208 2183 2351 2256 illis

631 2286 876 2356 diebus
907 2308 925 2348 ι
951 2282 1023 2350 ὅ(
1055 2287 1396 2355 intrantes
1440 2283 1840 2378 speluncam
1868 2347 1892 2381 9
1925 2287 2348 2359 invenerunt

630 2410 745 2458 eos
797 2385 1179 2479 vigilantes
1205 2450 1228 2485 9
1279 2385 1351 2455 &
1402 2382 1614 2457 facies
1651 2409 1892 2457 eorum
1922 2408 2346 2485 tamquam..

627 2487 819 2560 rosas
865 2509 1281 2562 vernantes.
1329 2489 1533 2564 Unde
1585 2490 1917 2561 Marinus
1945 2491 2334 2588 Episcopus

628 2615 794 2662 cum
845 2591 1191 2664 universis
1242 2594 1515 2663 civibus
1551 2594 1758 2686 proni
1787 2616 2205 2667 corruerunt
2246 2594 2338 2666 ad

624 2694 835 2788 pedes
867 2694 1156 2765 illorum
1188 2696 1321 2767 :Et
1355 2697 1858 2768 nuntiaverunt
1899 2699 2053 2769 haec
2096 2699 2333 2769 Theo·

621 2793 820 2868 dofio
853 2798 1280 2894 Imperatori
1311 2854 1325 2870 .
1356 2795 1501 2896 Qi
1530 2817 1815 2873 vemtus
1838 2863 1864 2902 9
1887 2800 2116 2875 multa
2141 2800 2330 2875 locu-

2205 2923 2324 2978 tUS
