2535 3862
601 198 1473 260 GLYPTOGRAPHICA.
1809 217 1904 276 49

178 286 478 354 arundine
546 286 872 378 aliquando
939 291 1316 377 equitantem
1378 284 1566 354 irrisit
1624 286 1902 354 Alcibia-

175 385 277 448 des
324 392 461 468 (1).
510 388 809 449 Ceterum
855 406 1045 472 quum
1082 381 1157 446 de
1196 382 1358 448 ludis
1398 381 1736 474 puerilibus
1778 408 1903 448 me·

172 479 532 542 minerimus
563 527 582 554 ,
626 476 835 564 Masta
873 501 1046 554 caeca,
1090 474 1214 542 five
1250 475 1443 544 AEnea
1479 478 1899 567 praetereunda

170 574 428 635 minime
473 570 555 636 est
608 620 622 636 .
683 574 856 640 Huic
908 569 1063 636 ludo
1122 592 1346 658 pueros
1395 570 1730 660 aliquando
1796 599 1899 640 va-

166 663 321 730 casse
353 715 372 743 ,
416 668 728 742 Pollucis,
780 683 963 753 atque
1009 663 1266 730 Eustatii
1312 663 1663 730 testimonio
1708 665 1895 734 fidem

167 758 314 825 facit
361 762 478 825 Vir
524 763 735 852 magni
782 759 1048 824 nominis
1099 763 1317 825 Petrus
1366 759 1688 826 Victorius
1731 770 1833 842 (2)
1877 811 1893 827 .

163 856 387 921 Alium
430 876 673 943 quoque
713 856 1009 942 puerilem
1054 851 1276 918 ludum
1313 873 1622 919 memorat
1661 859 1894 920 Caelius

162 947 555 1039 Rhodiginus
602 998 623 1026 ‚
686 947 944 1014 scribens
994 955 1098 1034 (3)
1137 973 1152 1011 :
1201 948 1560 1039 Confiaeevg'ffe
1601 947 1893 1039 leficantes

151 1044 414 1131 puerulos
457 1049 516 1106 in
541 1044 787 1133 fitblz'me
816 1045 965 1132 ficos
1003 1091 1024 1120 ,
1077 1044 1178 1133 sbzt
1220 1043 1473 1132 ischadas
1509 1093 1530 1121 ,
1589 1046 1702 1111 vel
1760 1071 1891 1112 uvae

156 1145 343 1202 acinos
365 1139 596 1224 jaffare
634 1189 653 1217 ,
706 1164 942 1229 moxque
992 1141 1214 1203 hiantes
1259 1165 1350 1202 ore
1394 1145 1649 1227 excipere
1690 1188 1703 1202 .
1765 1141 1888 1206 Sed

155 1231 448 1323 quorsum
489 1235 614 1299 haec
652 1235 722 1300 de
762 1235 923 1299 ludis
963 1257 1298 1325 puerorum
1329 1282 1350 1311 ‚
1394 1238 1475 1300 ita
1515 1238 1887 1325 generaliter

152 1327 468 1418 expofita,
513 1354 702 1417 quum
741 1332 1050 1395 neminem
1092 1332 1372 1395 virorum
1413 1378 1433 1406 ,
1484 1332 1889 1420 nullamquffi

150 1426 494 1488 mulierum
548 1421 762 1489 iisdem
820 1448 1122 1513 umquam
1171 1445 1488 1490 vacantem
1538 1427 1889 1489 nominave-

153 1520 346 1582 rimus
382 1534 402 1582 ?
455 1519 642 1583 Plura
686 1519 762 1584 de
808 1517 1236 1602 hujuscemodi
1284 1538 1566 1583 veterum
1605 1518 1891 1583 domesti-

151 1615 235 1677 cis
278 1610 439 1676 ludis
509 1612 717 1678 videat
762 1612 984 1677 Lector
1050 1612 1213 1701 apud
1259 1611 1740 1677 eruditiffimum
1777 1615 1891 1679 Vi-

144 1732 286 1773 rum
315 1709 569 1796 Julium
608 1705 917 1774 Caesarem
959 1710 1378 1799 Bulengerum
1402 1755 1422 1784 ,
1463 1707 1653 1773 Libro
1689 1705 1892 1798 fingu-

150 1804 263 1867 lari
305 1811 457 1884 (4),
501 1800 645 1868 dato
686 1801 762 1867 ad
799 1800 1054 1893 Justum
1108 1800 1505 1868 Ludovicum
1546 1851 1566 1879 ‚
1625 1806 1888 1871 Hem-ici

150 1894 350 1962 filium
387 1923 421 1960 a
455 1899 754 1962 Tur-none
799 1899 1121 1965 Comitem
1167 1895 1634 1964 Roffilionaeum
1672 1946 1692 1974 ,
1732 1916 1885 1962 tunc

149 1993 450 2082 temporis
499 1989 696 2055 adhuc
733 2015 994 2080 puerum
1020 2038 1033 2053 .
1077 1993 1262 2056 Plura
1302 1993 1450 2054 item
1494 1990 1658 2080 apud
1681 1993 1886 2079 joan-

149 2109 291 2151 nem
335 2082 681 2151 Meurfium
738 2094 841 2167 (5)
883 2132 902 2161 ,
953 2085 1279 2150 Danielem
1316 2087 1679 2150 Souterium
1719 2090 1884 2165 [6],

147 2179 420 2269 aliosque
485 2180 649 2245 viros
711 2179 967 2255 ἀοξῒοε,
1026 2200 1292 2265 quorum
1344 2176 1644 2244 adfimiles
1710 2180 1886 2246 lucu-

142 2277 449 2342 brationes
525 2276 585 2338 in
664 2298 857 2339 unum
929 2274 1220 2339 volumen
1297 2275 1552 2362 collegit
1602 2273 1877 2364 Jacobus

147 2372 508 2438 Gronovius
566 2378 669 2448 (7)
715 2418 740 2446 ,
795 2371 857 2434 in
917 2363 1238 2435 Thesauro
1285 2371 1648 2435 Graecarum
1700 2372 1882 2434 Anti-

140 2469 450 2556 quitatum
487 2511 499 2526 .
540 2466 772 2553 Aliqua
812 2466 1018 2556 potius
1060 2459 1137 2528 de
1179 2464 1315 2528 Diis
1355 2483 1746 2557 paganorum
1788 2465 1879 2530 lu·

193 2654 255 2699 (1)
289 2651 461 2691 Valerius
480 2651 671 2694 Maximus
689 2676 699 2688 .
729 2652 845 2693 Libro
861 2665 927 2692 v11
941 2664 974 2691 1.
1016 2650 1082 2697 ‘cis
1109 2652 1298 2690 Veterum·
1317 2651 1428 2691 Libet
1447 2651 1578 2691 unicus
1599 2650 1634 2691 in
1653 2654 1689 2690 8.
1708 2651 1817 2702 Lugd
1829 2666 1872 2691 u-

141 2712 369 2754 Cap.v111.
1036 2708 1478 2750 n3.M.Dc.xxv11.

198 2766 258 2809 (z)
301 2758 498 2800 Variarum
515 2761 727 2802 Lemonum
743 2791 751 2800 .
772 2762 861 2802 Lib.
878 2776 947 2803 xv·
1082 2766 1145 2808 (5)
1178 2762 1236 2800 De
1259 2760 1376 2799 Ludis
1399 2763 1607 2800 Graecofflm
1626 2784 1635 2795 ·
1665 2758 1781 2800 Libet
1800 2761 1868 2801 fin·

147 2821 246 2870 Cap.
267 2829 361 2856 xvr.
1028 2816 1165 2869 galatis
1185 2841 1198 2857 ,
1237 2817 1283 2854 ad
1316 2816 1449 2855 Virum
1478 2814 1766 2857 clariffimum,
1800 2817 1869 2856 Pe.

208 2877 263 2920 ες)
312 2871 567 2922 Antiquarum
600 2870 813 2910 Lemonum
849 2897 859 2911 .
907 2872 951 2911 Li
1035 2884 1134 2911 trum
1155 2872 1382 2909 Scriverium
1400 2894 1410 2906 .

145 2929 214 2973 bro
234 2939 303 2966 xv1
318 2937 376 2964 11.
395 2928 534 2978 Capite
557 2939 617 2964 rx.
1078 2930 1142 2973 (6)
1168 2927 1228 2962 De
1245 2926 1362 2964 Ludis
1379 2922 1861 2983 variis-Lib-111·Cap.11.

199 2981 259 3032 [4]
288 2983 346 3021 De
362 2981 479 3022 Ludis
498 2980 666 3023 Privatis
680 3007 695 3026 ,
714 2994 758 3021 ac
777 2982 967 3026 Domefli-
1079 2985 1142 3031 (7)
1173 2982 1306 3021 Tomo
1326 2993 1370 3020 v1
1383 2991 1417 3016 τι

2005 294 2127 336 ΕΛΡ-
2175 302 2269 344 ΧΠ
