2535 3862
547 201 1374 263 GLYPTOGRAPHICA.
1722 199 1815 276 89

100 294 246 369 tur}
298 286 365 355 ὃς
406 310 493 353 ne
523 294 764 357 Saeculo
803 316 1000 361 xv11.
1051 293 1339 376 injuriam
1375 285 1725 368 adferrem,
1765 286 1814 355 fi

102 385 254 451 forte
292 385 494 472 aliqua
548 385 624 451 ad
673 385 829 452 illud
869 387 1213 476 pertineant
1251 434 1272 464 ,
1332 388 1392 453 in
1440 407 1563 476 quo
1610 403 1815 452 certe-2

99 480 364 570 contigit
407 479 680 545 adhiberi
704 528 726 556 ,
765 498 942 568 atque
981 477 1057 544 ad
1099 477 1275 546 usum
1313 479 1652 576 defignari.
1693 479 1816 548 Sed

98 572 430 641 Veteribus
482 596 728 663 quoque
768 570 1127 657 crystallina
1163 620 1184 649 ‚
1245 573 1310 640 ὃ(
1363 577 1513 639 item
1558 578 1817 644 vitrea„

101 668 380 758 quaedam
419 691 604 756 opera
651 675 754 751 (1)
797 662 1152 755 frequenter
1189 664 1528 757 insculpere
1569 664 1820 735 familia·

101 788 165 827 re
205 759 359 838 fuit,
398 783 515 847 quo
550 761 732 849 pafio
774 757 979 824 nostra
1020 778 1192 824 aetate
1230 758 1393 826 Vasa
1440 760 1819 848 Crystallina

100 880 278 944 quam
316 856 516 919 multa
541 900 561 929 ,
603 854 934 941 Cyathos,
978 851 1043 922 ὅ(
1082 859 1415 931 CratereS,
1459 859 1824 946 Ampullzm,

101 948 414 1025 GabataS,
460 951 686 1013 Lances
710 995 732 1031 ,
773 947 1028 1013 Lebetas
1068 995 1089 1025 ,
1127 950 1513 1017 Malluvium
1555 996 1577 1026 ‚
1615 953 1827 1022 Pollu·

98 1043 280 1108 brum
304 1090 325 1120 ,
367 1044 676 1115 Urceolos
716 1090 736 1119 ,
782 1044 1068 1109 Salinum
1104 1069 1123 1121 3
1166 1043 1427 1134 denique
1468 1047 1672 1110 omnis
1724 1067 1827 1137 ge·-

99 1140 255 1201 neris
297 1134 545 1203 vascula
582 1185 604 1214 ,
660 1141 811 1203 rotis
863 1140 1099 1204 circum
1146 1137 1343 1204 excisa
1395 1163 1468 1203 ex
1519 1142 1827 1208 Bohemiae

101 1237 323 1318 Regno
363 1231 439 1296 ad
484 1254 594 1294 nos
631 1229 992 1299 deferuntur
1039 1261 1058 1313 3
1120 1258 1231 1298 nec
1270 1257 1395 1298 non
1451 1256 1527 1298 ex
1576 1233 1829 1300 nostra..⁴

101 1328 288 1390 Italia
313 1372 333 1401 ‚
360 1350 391 1388 e
434 1329 709 1391 Murano
754 1350 942 1418 prope
969 1328 1212 1400 Urbem
1239 1330 1650 1395 Venetiarum
1674 1377 1695 1406 ,
1732 1354 1831 1396 va-

97 1421 198 1485 rio
240 1436 466 1486 ornatu
507 1419 914 1486 excultiffima
942 1470 957 1485 .
1003 1426 1185 1494 Unus
1223 1426 1642 1488 Gemmarum
1673 1426 1834 1490 Scal-

96 1536 281 1605 ptor,
330 1533 752 1605 cognomento
787 1515 988 1580 distas
1036 1518 1091 1580 il
1128 1513 1507 1607 ‘Borgognone
1540 1563 1561 1594 ,
1611 1519 1836 1581 claruit

100 1611 264 1674 circa
301 1613 559 1673 Annum
605 1631 887 1674 MDCLxx.
927 1612 988 1676 in
1024 1606 1289 1674 officinis
1336 1612 1835 1700 Gazophylacii,

104 1700 170 1769 <Sc
207 1699 412 1767 Musei
447 1700 719 1767 Medicei
745 1750 767 1779 ,
813 1723 995 1768 notus
1035 1705 1197 1768 Viro
1233 1704 1308 1768 cl.
1349 1707 1534 1770 Petro
1567 1703 1834 1769 Andreae

102 1796 451 1863 Andreinio
476 1843 497 1871 ‚
529 1794 681 1861 dum
721 1797 880 1864 vixit
904 1801 1008 1880 (2)
1035 1845 1049 1860 .
1078 1799 1264 1864 Circa
1303 1795 1491 1864 finem
1525 1801 1665 1864 anni
1702 1800 1838 1863 mil-

111 1888 308 1956 lefimi
355 1890 774 1956 sexcentefimi
799 1941 820 1970 ‚
869 1898 1093 1957 Romae
1133 1890 1548 1960 innotescebat
1585 1892 1836 1982 quidam

111 1984 366 2049 Adonius
392 2034 412 2061 ,
452 1989 624 2066 cujus
667 1983 1014 2050 institutum
1061 1987 1366 2073 peculiare
1406 1983 1525 2050 fuit
1554 2033 1574 2061 ,
1618 2011 1835 2051 manus

107 2082 384 2145 invicem
414 2077 659 2162 juncias
698 2080 759 2141 in
803 2080 1050 2146 Cameis
1094 2080 1433 2167 exprimere
1461 2126 1479 2154 ‚
1522 2080 1689 2167 quod
1733 2081 1836 2145 hu-

95 2170 370 2258 jusmodi
416 2174 633 2262 opellae
678 2195 800 2236 non
840 2197 979 2238 raro
1022 2171 1551 2237 venumdarentur
1582 2221 1605 2249 ,
1645 2173 1718 2238 ab
1766 2176 1835 2238 iis

111 2270 216 2358 qui
261 2266 662 2334 matrimonio
689 2266 1154 2359 jungebantur,
1197 2267 1256 2328 in
1295 2262 1434 2330 fidei
1474 2262 1835 2356 symbolum

125 2362 134 2368 ’
1054 2364 1133 2425 Μ
1662 2386 1838 2454 expe·

164 2536 222 2584 [ι]
256 2532 515 2584 Antiquoxum
535 2543 651 2586 opera
682 2534 737 2573 ita
765 2534 942 2574 elabora-
999 2533 1072 2572 Sed
1093 2534 1225 2575 vitrea
1244 2545 1403 2587 quoque
1421 2535 1841 2584 vetustorumcyatho·

112 2604 146 2629 m
166 2590 279 2640 ,xquae
298 2588 441 2626 exstant
462 2587 498 2625 in
514 2586 648 2639 Museo
673 2588 942 2630 WEoriov-um,
998 2600 1081 2626 rum
1096 2587 1311 2640 fragmenta
1341 2588 1482 2628 ibidem
1515 2605 1573 2629 me
1606 2590 1736 2628 vidisse
1754 2603 1838 2628 me·

113 2647 197 2683 {unt
213 2641 343 2686 funis,
371 2641 444 2678 five
476 2644 604 2690 potius
633 2643 802 2685 rudentis
830 2641 949 2682 nodus
1006 2643 1100 2681 mini
1115 2641 1251 2682 eadem
1268 2655 1347 2682 arte
1363 2642 1501 2695 {ignata
1522 2644 1673 2696 figuris,
1694 2645 1841 2691 animia·

116 2698 305 2750 implexus
354 2694 591 2747 crystallinus
626 2724 637 2736 .
682 2701 950 2748 Fragmentum
1006 2696 1108 2736 libus
1133 2724 1147 2741 ,
1177 2698 1644 2750 symbolis‚maeandris,
1677 2697 1839 2749 aliisque

117 2752 208 2804 rign}
232 2749 499 2802 semipalmatis:
517 2752 671 2802 optimae
688 2764 814 2791 notae·
843 2753 945 2790 Item
1002 2751 1107 2805 typis
1125 2765 1466 2796 ornamentorum,
1487 2755 1627 2806 quibus
1643 2752 1760 2792 modo
1778 2753 1841 2793 sua

119 2808 266 2848 tabula,
283 2806 319 2844 in
338 2816 415 2855 qua
431 2806 574 2858 Tygtis
588 2805 746 2849 cubans,
762 2820 847 2844 cum
864 2818 946 2857 tyr·
1001 2820 1114 2860 opera
1132 2807 1314 2846 excolunt
1331 2810 1558 2847 recentiores
1578 2808 1741 2846 artifices
1759 2830 1772 2843 .

121 2861 296 2913 s0‚atque
316 2860 430 2898 astera
448 2856 594 2898 effraRa
612 2873 698 2898 cum
715 2859 811 2897 lauri
828 2872 951 2902 ramo,
1062 2865 1126 2909 (ι)
1156 2860 1230 2899 Adi
1263 2860 1429 2899 Gorium
1449 2863 1483 2900 in
1505 2862 1758 2901 Columbario
1776 2860 1840 2900 Li-

124 2929 204 2967 quae
219 2913 445 2953 scriniorum
462 2925 689 2952 ornamento
708 2912 858 2953 fortasse
886 2913 950 2953 de·
1007 2915 1239 2958 benorum,
1271 2917 1308 2952 δι
1340 2915 1491 2954 Servor.
1527 2916 1645 2962 Liviae
1668 2919 1766 2966 Aug·
1800 2917 1837 2953 δὲ

127 2970 266 3009 stinatae
284 2978 421 3015 erant3
453 2979 571 3020 atque
599 2967 688 3008 alia·
705 2967 921 3018 huiusmodi
940 2995 950 3008 .
1006 2967 1205 3010 caesarum
1221 2992 1232 3007 .
1250 2977 1336 3022 pag.
1357 2975 1446 3013 155.

1916 291 2039 333 CAp,
2070 292 2177 335 XXV
