2535 3862
263 316 387 367 epm.
417 309 522 356 xm

624 233 716 299 42
1050 213 1933 273 DISSERTAT10

627 304 853 396 Capite
891 303 1162 367 tutulato
1202 296 1512 389 speetatur
1553 345 1574 375 ,
1625 295 2138 388 ornatissimoque
2184 349 2199 367 .
2249 306 2366 368 Lo-

625 423 774 470 rum
807 396 988 462 habet
1022 395 1097 461 ab
1136 396 1303 461 collo
1346 392 1731 484 propendens
1775 393 1852 459 ad
1900 394 2110 485 perstas
2166 423 2367 466 cum.»

625 496 807 564 Bulla
844 513 1031 558 aurea
1065 540 1079 557 .
1132 492 1426 559 Armillis
1466 488 1544 555 ad
1591 513 1810 556 manus
1845 539 1865 567 ‚
1918 488 1983 559 ὃς
2021 493 2248 580 pariter
2300 497 2364 559 in

624 589 886 659 summis
916 587 1180 654 brachiis
1224 588 1660 679 circumligata
1704 636 1719 651 .
1776 583 2082 653 Infimum
2127 607 2372 654 utrum-

626 709 748 779 que
783 708 923 750 crus
963 704 1219 751 ornatur
1255 681 1620 751 Periscelide
1649 732 1664 748 .
1718 689 1993 750 Dextera
2031 707 2220 750 manu
2252 685 2371 751 flo-

630 808 763 850 rem
803 780 1165 873 prehendit,
1204 778 1503 845 finistram
1556 780 1634 845 ad
1686 780 1890 847 imum
1936 799 2222 845 ventrem
2273 779 2378 845 ad-

630 896 892 954 movet,
937 879 1078 942 velo
1117 876 1434 943 defluente
1477 868 1597 941 sese
1635 875 1775 941 inde
1811 875 2160 970 obtegen53
2203 878 2380 941 nulla

632 978 798 1041 enim
847 974 963 1038 alia
1004 970 1167 1038 veste
1214 975 1507 1038 amicitur
1535 1020 1558 1050 ‚
1606 969 1848 1038 exstant
1895 973 1970 1038 ad
2016 974 2208 1038 latera
2247 971 2381 1038 duo

634 1072 825 1137 Genii
866 1067 940 1132 de
984 1092 1160 1134 more
1196 1072 1384 1146 alati,
1439 1066 1506 1134 ὃς
1553 1065 1777 1133 stantes
1806 1117 1822 1131 .
1868 1069 2054 1133 Alter
2101 1067 2179 1133 ab
2229 1067 2378 1136 dex·

631 1170 744 1232 tris
784 1163 972 1230 flores
1017 1167 1215 1253 carpit
1243 1213 1265 1241 ,
1312 1165 1418 1254 qui
1464 1165 1653 1229 multi
1695 1161 1836 1229 sunt
1873 1166 2039 1228 circa
2079 1166 2320 1231 Genios
2351 1211 2375 1241 ,

633 1261 702 1330 ὃς
743 1261 1148 1350 Parthenopis
1192 1260 1537 1353 imaginem
1578 1306 1600 1335 ,
1659 1261 1836 1347 eique
1882 1256 2114 1350 praebet
2172 1259 2251 1325 ad
2293 1262 2392 1326 ol-

635 1355 990 1423 faciendum
1034 1404 1048 1420 .
1100 1356 1287 1420 Alter
1328 1403 1349 1432 ,
1399 1356 1504 1445 qui
1544 1349 1845 1421 finistram
1889 1371 2062 1420 tenet
2097 1402 2118 1431 ,
2172 1352 2394 1446 specu-

637 1456 768 1518 lum
822 1451 1022 1517 ovalis
1075 1447 1290 1543 figurae
1332 1501 1352 1530 ‚
1411 1473 1535 1515 non
1590 1452 1804 1539 utique
1861 1448 2143 1516 rotundae
2216 1455 2323 1535 (ι)
2370 1497 2393 1528 ,

639 1547 971 1615 manubrio
1009 1549 1290 1614 tornatili
1326 1544 1590 1612 infixum
1612 1595 1633 1624 ,
1671 1544 1931 1611 sublime
1971 1547 2138 1611 tollit
2161 1593 2180 1621 ,
2221 1565 2386 1611 utra-

643 1668 759 1734 que
804 1665 994 1708 manu
1036 1640 1553 1733 comprehensum
1585 1689 1607 1720 ,
1647 1638 1714 1709 ὃς
1754 1640 2027 1726 ejusdem
2068 1638 2345 1734 effigiem
2371 1689 2395 1719 ,

2333 1761 2396 1801 in

701 1883 762 1927 (ι)
794 1879 942 1918 Videfis
959 1879 1237 1919 Bonarrotium
1271 1881 1310 1919 in
1341 1879 1488 1920 Obser·
1553 1878 1604 1918 do
1620 1906 1634 1923 ‚
1671 1875 1958 1930 contemplatur
1989 1892 1998 1916 τ
2031 1890 2153 1929 neque
2186 1890 2227 1917 ea
2255 1875 2398 1929 speculi

643 1935 866 1974 vationibus
887 1935 935 1972 ad
955 1933 1052 1971 Vasa
1070 1933 1222 1974 Vitrea·
1236 1948 1326 1986 pag·
1350 1938 1437 1978 198.
1457 1938 1493 1973 &
1551 1934 1685 1986 figura,
1702 1933 1845 1986 peritiae
1866 1934 1957 1971 artis
1975 1932 2294 1984 scenograpbicoe,
2313 1946 2400 1984 quae

652 2000 738 2034 ¹99·
772 1989 839 2039 qui
865 1986 1072 2027 rotundam
1112 1988 1219 2027 fuiffe
1253 1988 1495 2041 speculorum
1553 1989 1672 2026 etiam
1691 1987 1923 2040 perspeffiva
1945 1986 2084 2025 dicitur
2105 1987 2222 2026 tribui
2245 1987 2363 2037 potest
2384 2003 2399 2033 ς

645 2043 803 2092 figuram
822 2042 922 2094 apud
941 2043 1094 2081 Veteres
1112 2069 1126 2087 ,
1157 2054 1321 2081 conatur
1343 2042 1494 2082 erudite
1553 2043 1577 2080 fi
1601 2041 1795 2094 speculum
1817 2053 1949 2081 contra
1983 2041 2118 2079 faciem
2138 2040 2276 2091 sponsae
2305 2042 2403 2081 stare

644 2098 835 2137 adstruere
854 2111 866 2141 3
893 2097 1052 2150 gemmis
1074 2097 1198 2137 incisis
1216 2124 1230 2141 ‚
1249 2096 1434 2151 piEturis,
1456 2100 1493 2135 &
1551 2095 1690 2136 debeat
1710 2123 1724 2140 ‚
1756 2109 1797 2136 ut
1835 2095 2035 2147 imaginem
2057 2096 2188 2135 reddat
2207 2124 2216 2135 .
2250 2095 2400 2134 Eadem

643 2150 801 2205 sculptis
829 2151 1085 2190 marmoribus
1123 2152 1303 2192 indicatis
1336 2167 1348 2188 =
1398 2152 1494 2201 quin
1552 2152 1721 2190 calceata
1750 2152 1801 2190 est
1835 2178 1844 2188 .
1888 2150 1998 2189 Sedet
2029 2151 2065 2189 in
2100 2151 2200 2189 Sella
2230 2151 2403 2190 recurvis

644 2207 765 2246 etiam
799 2206 967 2259 antiquis
997 2206 1259 2259 Scriptoribus
1290 2233 1304 2250 ,
1336 2205 1497 2258 aliisque
1556 2218 1723 2258 quatuor
1741 2205 1968 2248 anconibus,
1986 2206 2044 2245 seu
2066 2203 2298 2244 fulcimentis
2316 2204 2404 2246 sub.

645 2260 844 2300 veteribus
862 2261 1125 2306 monimentis,
1141 2263 1316 2317 gentium
1335 2274 1494 2313 quoque
1555 2260 1645 2298 nixa
1665 2285 1678 2302 ,
1697 2259 1849 2300 duobus
1865 2260 2121 2300 anterioribus
2135 2285 2147 2302 ‚
2167 2272 2317 2311 partem
2333 2272 2403 2300 an-

649 2315 896 2356 Etruscarum
914 2340 924 2351 .
1552 2315 1767 2359 teriorem3
1795 2314 1880 2354 aliis
1895 2339 1907 2356 ‚
1926 2315 2176 2366 posteriorem
2194 2315 2403 2366 respicien-

704 2368 804 2408 Vide
835 2369 931 2409 item
962 2370 1192 2411 Boldettum
1226 2373 1264 2410 in
1284 2371 1416 2418 Opere
1451 2366 1496 2406 de
1552 2368 1656 2406 tibus
1676 2368 1885 2407 :omnibus
1904 2381 1996 2407 vero
2016 2369 2243 2408 acuminatis
2262 2369 2299 2408 in
2318 2382 2404 2421 par-

649 2423 772 2463 Sactis
792 2424 1057 2465 Coemeteriis.
1073 2426 1194 2465 Libro
1213 2428 1274 2465 ΙΙ.
1292 2426 1492 2475 Cap.xxv.
1554 2432 1592 2460 te
1627 2420 1825 2461 inferiori.
1859 2425 2039 2462 Dextero
2070 2422 2205 2463 cubito
2231 2424 2405 2466 molliter

651 2478 759 2518 Tab.
783 2479 842 2516 11.
858 2493 963 2518 num.
981 2490 1042 2526 ις.
1061 2483 1097 2519 &
1119 2493 1180 2524 ¹4·
1200 2490 1287 2532 pag.
1308 2491 1398 2525 500.
1429 2475 1495 2516 ubi
1555 2477 1731 2515 innt'titur
1757 2477 1889 2528 pluteo
1922 2476 2120 2530 posteriori
2137 2503 2150 2520 ,
2184 2478 2256 2516 five
2290 2478 2403 2530 ipfius

653 2533 850 2585 speculum
866 2559 881 2577 ,
897 2534 1001 2575 aliud
1016 2534 1224 2574 rotundum
1242 2562 1255 2579 ‚
1271 2533 1378 2574 aiiud
1395 2545 1491 2587 qua·
1548 2530 1639 2570 selloe
1659 2531 1929 2571 anaclinterio.
1946 2532 2098 2572 Sinistra
2115 2545 2243 2572 tamen
2262 2545 2400 2577 manu,

656 2587 774 2625 dratae
793 2587 922 2626 formae
941 2615 954 2633 ,
968 2602 1177 2641 utrumque
1194 2602 1241 2630 ex
1260 2591 1405 2630 stamno
1418 2615 1433 2633 ,
1453 2592 1489 2629 ει
1547 2585 1826 2637 comprehenso
1848 2598 1934 2638 apte
1953 2587 2158 2627 manubrio
2176 2613 2190 2631 ‚
2217 2599 2403 2628 ornatum

658 2654 731 2680 zte
751 2641 920 2682 mixtum
941 2643 1072 2697 prodit
1092 2672 1103 2685 .
1559 2640 1752 2694 speculum
1772 2652 1902 2685 tenet,
1924 2641 2028 2695 quod
2048 2643 2114 2681 ovi
2131 2641 2292 2694 figuram
2309 2643 2410 2682 imi-

718 2693 789 2734 Sed
809 2698 845 2735 in
863 2699 1026 2751 antiquo
1042 2725 1056 2742 ,
1072 2711 1114 2738 ae
1131 2699 1234 2741 fifflli
1251 2700 1365 2746 Vnst,
1378 2699 1500 2744 diota,
1558 2707 1660 2734 tatur
1677 2720 1690 2738 ‚
1723 2707 1764 2734 ut
1781 2695 1923 2735 diditum
1941 2698 1990 2737 est
2005 2720 2016 2733 ο
2053 2698 2146 2736 Sunt
2163 2699 2200 2736 &
2219 2698 2303 2737 211ae
2325 2698 2407 2737 cix·

671 2749 820 2789 Etrusci
850 2755 976 2805 operis
994 2780 1006 2797 ,
1037 2754 1077 2794 in
1096 2753 1229 2806 Mufto
1257 2755 1411 2796 VieJorio
1441 2755 1508 2793 ad.
1566 2765 1653 2789 cum
1671 2749 1857 2803 imagines
1888 2753 1925 2791 in
1946 2751 2081 2792 eodem
2100 2755 2197 2792 Vase
2218 2752 2374 2804 depibkz
2392 2779 2408 2797 ‚

669 2803 826 2845 servato
841 2835 857 2850 ,
887 2821 958 2847 nee
988 2808 1079 2850 dum
1110 2811 1213 2851 edito
1233 2839 1248 2858 ,
1275 2822 1392 2863 atque
1424 2810 1507 2850 alto
1565 2819 1648 2855 quae
1664 2819 1740 2844 non
1754 2806 1838 2845 sunt
1856 2806 1929 2845 hoc
1948 2808 2020 2847 loci
2038 2807 2317 2860 percensendae.
2333 2805 2406 2846 Sed

676 2860 826 2914 palmos
843 2875 1025 2904 romanos
1055 2878 1150 2919 pene
1183 2867 1303 2907 duos.
1337 2869 1510 2906 Foemina
1568 2861 1606 2899 in
1628 2860 1758 2899 Museo
1780 2862 1953 2907 Etrusco,
1971 2867 2006 2903 Sc
2026 2864 2063 2903 in
2080 2875 2193 2915 opere
2210 2863 2407 2913 Dempste-

678 2919 989 2972 sponsavestibus
1006 2919 1179 2972 pretiosis
1203 2916 1365 2966 ornata,
1393 2924 1510 2961 Inau-
1566 2915 1706 2958 tiano,
1745 2915 1788 2954 de
1819 2918 1971 2959 Etruria
2005 2918 2170 2972 Regali,
2204 2916 2408 2968 Speculum

681 2975 786 3018 tibus
805 2975 949 3030 pariter
964 3003 978 3020 ,
1000 2977 1121 3020 vittis,
1141 2990 1184 3016 ac
1204 2977 1388 3019 cincinnis
1408 2989 1517 3015 com·
1572 2972 1697 3011 ovalis
1714 2971 1838 3025 figutae
1859 2973 1951 3028 saepe
1968 2985 2130 3015 numero
2157 2971 2249 3013 licet
2277 2969 2413 3023 obser,->t

685 3044 723 3071 ta
739 3061 751 3079 ,
768 3032 802 3075 se
823 3033 861 3074 in
878 3032 1031 3086 speculo
1049 3033 1221 3085 elliptico
1240 3060 1254 3079 2
1284 3047 1362 3076 non
1381 3043 1516 3076 rotun·
1571 3039 1662 3069 vate
1683 3052 1696 3065 ·
