2535 3862
636 238 819 293 va
1029 216 1908 283 PRAEFAT10.

1177 313 1227 384 F
1252 330 1272 382 1
1303 329 1353 381 G
1387 329 1443 381 U
1469 327 1519 381 R
1546 326 1595 379 A
1675 329 1808 382 111.

633 438 776 496 MN.
806 418 957 487 Vas
981 412 1200 487 fietile
1224 411 1491 485 sedtum
1515 411 2061 508 scenographice
2081 440 2122 488 a
2147 418 2339 491 sum⁴

730 545 851 593 mo
876 516 964 589 ad
1008 519 1238 591 imum
1267 570 1282 584 .

632 643 772 698 ΜΟ.
801 623 1046 718 Caput
1090 617 1299 692 Vafis
1352 618 1654 692 accenfis
1703 622 2116 693 carbonibus
2165 645 2340 694 exae-

733 725 966 797 stuans
993 781 1007 793 .

634 851 740 905 ΡΡ.
765 828 978 903 Oculi
1000 827 1138 900 duo
1165 830 1234 899 in
1262 825 1413 923 ipso
1438 828 1668 922 capite
1694 824 1901 898 Vafis
1936 827 2167 923 aperti
2192 889 2216 926 9
2260 845 2342 899 ut

735 933 806 1002 in
836 932 1066 1028 priori
1109 933 1371 1024 Figura
1398 931 1472 1002 ΙΙ.
1499 931 1764 1002 Literis
1793 947 1896 998 ΗΕ.-

634 1050 792 1127 QQ
806 1036 1107 1105 Lamina
1130 1030 1360 1104 ferrea
1398 1055 1475 1103 os
1502 1031 1707 1103 Vasis
1733 1032 2133 1125 cooperiens
2157 1085 2171 1098 .

632 1152 765 1231 Q}
798 1137 970 1205 Pars
1004 1133 1210 1208 Vafis
1236 1157 1464 1207 vacua
1488 1196 1512 1228 9
1566 1157 1725 1232 quae
1757 1139 2057 1205 Fmssnmn
2106 1132 2351 1228 appel-

733 1238 966 1309 latur.
995 1239 1176 1308 Haec
1231 1255 1470 1308 autem
1509 1260 1674 1331 pars
1723 1233 1928 1307 Vafis
1977 1258 2016 1304 a
2050 1236 2245 1329 Qad
2279 1253 2352 1306 R.

733 1360 889 1414 tota
939 1339 1355 1412 intrinsecus
1417 1338 1995 1412 circumvestitur
2029 1337 2350 1409 lamina„

732 1445 967 1518 ferrea
995 1441 1268 1514 smuata
1319 1441 1540 1540 usque
1564 1443 1653 1514 ad
1682 1441 2173 1515 extremitates
2206 1441 2352 1511 oris

734 1553 807 1621 in
857 1545 1008 1642 ipso
1052 1545 1217 1619 vase
1262 1545 1533 1643 aperti.
1565 1551 1665 1622 Os
1704 1545 2055 1616 indicatur
2095 1544 2239 1635 Fig.
2270 1543 2342 1614 ΙΙ.

736 1653 983 1724 Litera
1009 1668 1073 1720 F.

642 1771 763 1826 RR.
797 1753 1096 1824 Lamina
1146 1752 1376 1822 ferrea
1426 1812 1450 1847 9
1513 1753 1628 1820 cui
1677 1749 2350 1843 superimponuntur

737 1877 954 1950 opera
1007 1853 1461 1949 excoquenda
1490 1915 1513 1949 9
1546 1853 1655 1921 uti
1696 1850 1993 1922 ostendit
2020 1851 2282 1942 Figura
2310 1870 2348 1922 Ι.

733 1956 996 2029 Eadem
1021 1979 1194 2025 vero
1223 1955 1482 2024 lamina
1511 1970 1638 2022 RR.
1666 1953 1768 2022 ita
1798 1950 2102 2047 expansa
2129 2015 2152 2048 9
2179 1950 2350 2024 ficu·-

734 2060 794 2131 ti
819 2056 945 2128 effe
971 2054 1176 2127 debet
1203 2119 1226 2152 9
1263 2055 1429 2126 satis
1479 2055 1917 2149 exprimitur
1956 2056 2219 2147 Figura
2242 2073 2344 2130 IV.

737 2159 1004 2234 Literis
1044 2164 1122 2228 A.
1149 2162 1222 2227 B.

638 2283 743 2339 RS,
768 2266 1047 2332 Fornax
1075 2261 1485 2330 carbonibus
1513 2257 1810 2330 aecenfis
1840 2260 2117 2356 repleta
2139 2314 2153 2328 .

637 2388 728 2441 SS.
755 2363 1011 2434 Crates
1041 2361 1270 2433 ferrea
1295 2424 1318 2459 9
1362 2384 1521 2458 quae
1572 2363 1901 2432 Fornacis
1943 2361 2171 2433 solum
2203 2359 2340 2458 est,

739 2466 812 2534 &
837 2467 1143 2537 cinerem
1176 2466 1247 2534 in
1295 2462 1700 2536 inferiorem
1728 2462 2043 2535 loculum
2091 2487 2341 2536 exone-

737 2587 849 2640 rat
871 2632 895 2665 9
927 2567 1115 2638 Vase
1145 2590 1276 2663 per
1310 2591 1463 2638 eam
1495 2564 1720 2637 diviso
1768 2567 2098 2637 bifariam
2137 2621 2151 2634 .
2209 2566 2341 2638 Sed

737 2669 963 2766 ipsam
988 2689 1258 2741 cratem
1284 2668 1580 2741 ostendit
1607 2669 1837 2761 Fig.v·.
1880 2670 2146 2741 Literis
2177 2673 2234 2737 C.
2254 2676 2336 2741 D.

642 2789 713 2842 T.
754 2774 854 2844 Os
881 2774 1206 2846 Fornacis
1231 2773 1319 2844 ad
1348 2771 1832 2845 immittendos
1859 2775 2186 2845 carbones
2213 2835 2235 2866 9
2260 2769 2334 2838 &

2160 2897 2342 2946 exci-
