2535 3862
205 339 289 379 CA
305 335 350 376 P.
392 334 474 378 v11

592 233 673 296 18
1005 233 1880 300 DrssERTAT1o

584 324 765 394 nibus
819 323 879 385 in
934 343 1001 384 re
1039 319 1381 409 antiquaria
1419 368 1439 397 ,
1490 319 1929 385 tantummodo
1985 316 2303 413 adtigisse„

582 417 846 486 sufficiat
883 462 897 477 .
958 413 1485 502 Quandoquidem
1529 414 1699 479 Viris
1755 413 2007 478 eruditis
2058 437 2304 505 paucad

583 508 949 606 gratiofiora
983 557 1003 586 ‚
1065 527 1245 598 atque
1287 506 1428 578 ideo
1467 531 1674 573 rerum
1722 506 2032 598 gestarum
2067 532 2308 574 memo-

582 613 745 675 riam
816 603 1161 669 refricando
1233 605 1407 667 unice
1486 603 1829 694 legentibus
1897 597 2309 668 offerebamus

583 697 898 797 proposito
933 696 1142 763 nostro
1184 696 1583 763 satisfacturi.
1635 702 1874 763 Verum
1916 699 2082 761 enim
2123 721 2312 773 vem,

583 801 715 892 pari
756 818 997 885 quoque
1036 791 1235 859 studio
1275 795 1496 859 malim
1533 795 1837 883 praeterire
1875 789 2136 869 caussas,
2166 815 2312 881 qua-

584 919 648 960 re
690 892 855 957 idem
892 887 1016 979 ipse
1053 893 1315 955 Veneris
1353 892 1626 982 imagine
1664 886 2072 953 deleciaretur
2120 913 2138 965 3
2185 906 2312 950 ete-

585 991 718 1054 nim
755 987 1039 1076 plurimae
1077 986 1140 1048 in
1188 984 1470 1050 medium
1508 978 1733 1048 adferri
1774 978 2006 1072 pollent
2052 1031 2066 1046 .
2114 982 2319 1047 Philo-

584 1081 848 1171 sophicis
888 1098 1096 1143 tamen
1142 1078 1482 1144 rationibus
1526 1126 1545 1155 ,
1603 1077 1823 1164 quibus
1871 1076 2149 1141 lubenter
2196 1095 2316 1141 tra-

584 1178 832 1252 himur,
869 1175 1265 1249 inhaerenteS,
1301 1173 1458 1238 illud
1491 1173 1746 1236 minime
1784 1170 2166 1236 reticendum
2207 1167 2317 1248 est,

553 1272 984 1360 'quamplures
1027 1271 1287 1360 gentiles
1329 1269 1558 1334 Veneri
1595 1263 1871 1331 tribuiffe
1908 1269 2324 1356 principium,

586 1364 653 1432 ἅ
699 1363 888 1430 finem
930 1365 1211 1428 humanae
1252 1364 1398 1428 vitae
1425 1410 1445 1439 ,
1486 1386 1615 1451 quae
1659 1363 2007 1427 luculenter
2035 1408 2055 1437 ,
2097 1381 2324 1448 atque,

588 1460 836 1525 erudite
870 1457 945 1524 ab
983 1460 1394 1548 Mythologis
1418 1504 1439 1534 ,
1482 1456 1548 1525 ὅ(
1583 1457 1926 1547 Philologis
1953 1504 1970 1532 ‚
2010 1454 2323 1545 potiffime

580 1579 732 1620 vero
777 1554 851 1619 ab
887 1551 1143 1618 vetustis
1186 1556 1399 1620 Poetis
1442 1554 1849 1642 explanantur
1883 1599 1902 1627 ‚
1957 1558 2326 1618 Venerem-2

586 1673 790 1714 rerum
829 1650 1119 1712 omnium
1155 1649 1532 1739 genitricem
1574 1644 1994 1711 adserentibus
2026 1695 2046 1723 ,
2112 1643 2177 1712 ὃς
2226 1671 2329 1737 pa-

585 1748 737 1808 riter
779 1742 1119 1808 Libitinam
1160 1746 1309 1827 [1].
1349 1743 1557 1808 Heinc
1600 1743 1926 1806 Canachus
1968 1744 2072 1806 ille
2110 1743 2329 1831 Sicyo-

589 1842 723 1903 nius
770 1885 789 1914 ,
861 1855 932 1902 ut
987 1840 1418 1902 meminerunt
1485 1834 1916 1901 Eratosthenes
1981 1844 2124 1922 (2)
2171 1885 2191 1913 ‚
2263 1834 2329 1905 ὃς

584 1930 908 2001 Pausanias
958 1935 1188 2021 pariter
1238 1933 1300 1995 in
1347 1932 1768 1997 Corinthiacis
1830 1933 1941 2017 [3]
1988 1979 2008 2007 ‚
2055 1934 2329 1999 Veneris

585 2029 923 2117 imaginem
963 2048 1038 2091 ex
1089 2023 1273 2089 ebore
1300 2073 1320 2102 ,
1375 2049 1648 2114 auroque
1688 2023 2015 2090 conficiens
2055 2075 2074 2103 ,
2140 2028 2329 2117 capiti

586 2121 835 2188 Orbem
878 2117 1190 2186 coelestem
1237 2116 1574 2211 imposuit,
1619 2116 1684 2186 ὃ(
1729 2119 2010 2186 manibus
2052 2125 2331 2211 Papaver

588 2220 693 2282 uni
740 2264 762 2293 ‚
820 2219 1024 2282 alterae
1076 2213 1327 2282 Malum
1389 2217 1695 2280 Punicum
1744 2265 1757 2279 .
1826 2218 2033 2282 Prima
2095 2218 2333 2306 opinio·-

588 2313 680 2374 nis
740 2312 899 2375 ratio
953 2309 1174 2400 pendet
1224 2312 1299 2374 ab
1360 2327 1498 2373 ortu
1533 2356 1554 2385 ,
1620 2333 1809 2398 quem
1862 2314 1916 2374 ei
1984 2309 2271 2376 tribuunt
2315 2357 2330 2376 0

589 2403 872 2471 Secunda
908 2453 929 2483 ,
987 2403 1157 2493 quod
1204 2402 1541 2469 Libitinam
1584 2407 1892 2494 appellent
1933 2452 1955 2481 ‚
2021 2428 2145 2469 non
2194 2408 2334 2471 ita„

592 2504 711 2566 late
766 2519 935 2591 paret
971 2548 985 2563 .
1040 2503 1228 2570 Hanc
1277 2501 1472 2592 igitur
1531 2502 1812 2565 Gemmae
1872 2496 2085 2565 nostrae
2145 2502 2337 2592 expli*-

2147 2598 2336 2660 catio-

651 2692 711 2740 [ι]
754 2689 900 2728 videns
918 2690 1118 2741 Orpheum
1139 2689 1176 2729 ln
1194 2690 1359 2743 Hymno
1386 2688 1423 2727 in
1489 2696 1694 2724 MDvan
1709 2698 1741 2724 1.
1773 2688 1810 2728 in
1830 2699 1874 2736 4-
1903 2700 1989 2742 pag.
2016 2700 2105 2729 122.
2139 2688 2334 2728 Editionis

597 2748 784 2785 Venerem
816 2769 830 2786 ,
860 2744 1121 2798 Euripidem,
1155 2744 1379 2793 Lucretium
1410 2767 1424 2786 ,
1487 2742 1679 2780 Patavinae
1709 2766 1720 2778 .
1756 2755 1958 2783 MDcxvr.
2006 2746 2146 2795 pariter
2199 2741 2234 2782 in
2287 2757 2324 2794 4.

601 2801 770 2853 aliosque
792 2799 949 2849 plures.
1493 2808 1580 2848 pag·
1623 2808 1717 2843 209.
1763 2801 1798 2835 ὅ(
1848 2800 2021 2840 Edition.
2061 2797 2295 2838 Geneuenfis
2322 2824 2335 2838 .

655 2861 719 2902 (2)
751 2853 870 2893 Libro
892 2855 977 2893 111.
1495 2854 1727 2892 MDCL1.in
1749 2856 1785 2890 8.
1803 2867 1892 2906 pag,
1913 2860 2002 2904 387.

659 2915 720 2957 (3)
753 2909 871 2948 Libro
893 2912 948 2948 11.
1548 2905 1648 2944 Vide
1671 2907 1791 2945 item.
1824 2908 2024 2948 Vincenzo
2059 2906 2213 2946 Cartari
2258 2909 2331 2947 Im.

664 2963 738 3004 Adi
759 2964 915 3004 Natalis
931 2963 1100 3005 Comitis
1117 2955 1440 3018 Mytholog'xam‘.
1499 2960 1643 3011 magini
1675 2963 1778 3013 degli
1808 2964 1886 3002 Dei
1925 2961 2030 3013 degli
2065 2960 2217 3000 Antichi
2249 2967 2333 3001 erc.

612 3018 731 3062 Libro
750 3029 814 3063 1v.
846 3022 947 3074 Cap.
973 3031 1091 3060 x111.
1123 3020 1227 3061 Edit.
1256 3022 1409 3061 Venetae
1425 3047 1436 3061 .
1501 3032 1588 3059 cum
1608 3017 1852 3060 Additionib.
1875 3021 1996 3060 Laur-
2017 3015 2191 3069 Pignorii
2215 3043 2224 3055 2
