2535 3862
538 206 1439 270 GLYPTOGRAPHICA.
1739 203 1830 283 57

111 294 334 374 renda,
373 319 506 386 quae
537 294 941 362 lubentissime
973 294 1454 362 describeremus
1475 345 1497 375 ,
1536 294 1638 362 sed
1673 300 1835 363 mul·

109 412 172 458 ta
203 390 480 456 adhibita
510 390 829 482 diligentia
865 439 887 469 ‚
937 416 1130 480 quum
1168 415 1278 457 nos
1309 391 1507 458 adhuc
1546 394 1833 458 latuerint

110 493 214 570 (ι)
245 533 268 564 ‚
302 481 603 552 recensere
648 483 841 550 modo
881 508 1004 549 non
1047 487 1195 552 licet
1222 534 1238 552 .

251 679 412 741 Lura
445 694 649 740 tamen
688 690 970 739 veterum
998 676 1411 762 Sculptorum
1442 677 1828 766 anaglypha,

282 768 346 836 ὅ(
379 767 624 857 quidem
656 765 1076 856 praestantiora
1112 770 1341 834 imitari
1372 766 1499 833 ausi
1522 766 1659 834 sunt
1681 794 1826 835 non-

100 867 255 930 nulli
282 862 459 953 supra
493 859 767 925 recensiti
803 858 1064 925 artifices
1091 860 1352 938 ,eodem
1386 864 1623 951 antiqui
1662 866 1827 928 caela-

101 961 253 1023 toris
316 958 569 1021 nomine
621 953 917 1046 inscripto
962 1003 983 1032 ,
1033 958 1137 1020 vel
1189 976 1420 1022 temere
1476 979 1586 1047 pro
1623 956 1824 1022 lubito

96 1055 434 1118 immutato
462 1100 476 1115 .
521 1055 696 1115 Inter
738 1073 809 1114 ea
859 1050 1344 1118 Venus-anulatis
1383 1050 1578 1141 Musei
1632 1050 1823 1116 Vmo-

94 1153 175 1212 rii
209 1196 230 1225 ,
287 1169 497 1235 terque
530 1192 550 1221 ,
592 1163 925 1235 quaterque
957 1143 1172 1211 effista
1213 1145 1296 1211 est
1334 1170 1516 1237 opere
1562 1150 1824 1238 anagly-

95 1244 262 1334 pho,
292 1267 360 1306 ac
393 1240 799 1331 diaglyphico
821 1242 852 1328 ζ
854 1250 922 1320 2)
945 1288 959 1304 .
995 1240 1336 1305 Laurentius
1365 1240 1588 1328 Natter
1609 1287 1630 1316 ,
1666 1265 1823 1307 unus

96 1361 170 1402 ex
211 1340 295 1401 eis
322 1385 342 1415 ‚
385 1358 651 1424 quorum
694 1338 933 1400 mentio
973 1335 1178 1400 habita
1212 1334 1298 1400 est
1337 1337 1556 1425 Capite
1603 1358 1827 1424 praece-

94 1431 259 1495 denti
295 1478 315 1507 ,
385 1455 578 1518 quum
623 1434 840 1493 Romae
895 1428 1145 1522 degeret
1193 1437 1378 1496 Anno
1423 1451 1833 1496 MDCCXXXVI.

92 1524 302 1590 nostrae
338 1527 599 1591 Veneris
650 1520 807 1587 statu
853 1522 1182 1589 observato
1218 1575 1237 1601 ,
1310 1529 1594 1590 Danae'm
1658 1522 1828 1588 effin-

91 1623 186 1684 xit
243 1623 304 1683 in
353 1619 659 1687 Carneola
702 1620 927 1683 coloris
979 1620 1205 1708 optimi
1266 1616 1488 1681 decore
1531 1617 1827 1705 praedita,

91 1735 273 1803 atque
316 1716 579 1778 anulatis
630 1706 884 1789 formae,
924 1711 998 1777 ab
1036 1713 1373 1800 exemplari
1411 1710 1672 1775 dimidio
1714 1713 1832 1775 cir-

91 1812 240 1874 citer
285 1809 559 1884 minori,
600 1804 942 1898 demtoque
986 1805 1060 1872 ab
1101 1806 1364 1872 dexterae
1412 1830 1628 1872 manus
1671 1805 1830 1870 indi-

93 1929 161 1967 ce
208 1903 415 1968 eree'to
461 1904 704 1966 calamo
743 1949 762 1977 ,
823 1906 1028 1992 palma
1085 1920 1299 1967 autem
1342 1898 1603 1990 expansa
1633 1948 1653 1975 ,
1719 1903 1832 1964 im·

90 1997 271 2063 brem
307 2020 563 2062 aureum
595 2042 613 2069 ,
675 2019 795 2081 quo
839 1996 912 2059 ab
944 2000 1114 2084 Jove
1159 1995 1480 2083 deceptam
1527 1990 1700 2059 fuisse
1746 1991 1832 2056 fa-

92 2093 386 2157 bulantur
427 2138 446 2168 ‚
497 2088 922 2179 respicientem
957 2137 978 2165 ,
1022 2112 1090 2151 ac
1136 2090 1539 2178 recipientem
1590 2086 1833 2175 expres·

91 2184 213 2264 s1t3
256 2190 318 2250 in
365 2188 485 2248 ima
531 2180 680 2248 vero
722 2205 890 2272 parte
925 2205 1186 2273 gemmae
1229 2229 1249 2257 ,
1292 2204 1519 2245 nomen
1558 2180 1703 2244 Auli
1746 2183 1831 2246 ita

92 2303 286 2374 gtaece
330 2274 640 2368 insculpsit
677 2292 900 2334 ΑΥΛΟΥ
951 2329 964 2340 .
1017 2278 1162 2364 Qa
1207 2276 1439 2340 ratione
1476 2291 1496 2338 Ρ
1551 2298 1670 2338 non
1711 2278 1830 2341 alia

94 2371 372 2467 profesto
415 2422 435 2450 ,
499 2370 608 2437 nifi
649 2388 717 2442 ut
757 2365 892 2433 suos
934 2369 1172 2437 labores
1216 2371 1416 2434 carius
1463 2368 1695 2435 vendat
1730 2372 1830 2433 in-

93 2471 328 2545 cautis,
364 2492 433 2532 ac
478 2466 678 2536 sciolis
719 2462 919 2531 nostra
956 2484 1133 2535 aetate
1171 2467 1256 2532 rei
1301 2464 1663 2553 antiquariae
1703 2459 1831 2530 stu-

1042 2564 1107 2627 N
1645 2558 1823 2625 dium

145 2711 340 2757 <1)·-1=orte
356 2711 391 2748 δι
408 2706 505 2748 ultra
522 2719 668 2747 montes
688 2705 807 2756 anqux
823 2705 925 2746 sunt.
981 2705 1130 2755 quando
1145 2702 1365 2754 insculpitur
1380 2705 1433 2743 ad
1450 2702 1694 2756 impreffiaram
1713 2719 1721 2742 :
1743 2704 1825 2742 En.

151 2769 212 2813 (ι)
245 2765 435 2803 Gauticus
454 2789 467 2806 ,
499 2765 536 2801 in
559 2762 676 2800 Libro
690 2764 736 2800 de
753 2761 923 2811 sculptu-
978 2760 1152 2809 colaptice
1172 2783 1187 2800 ‚
1217 2760 1369 2808 quando
1399 2757 1550 2798 laminae
1578 2762 1744 2798 cudendo
1765 2758 1824 2806 ef.

93 2835 135 2859 ra
154 2845 165 2862 ,
181 2819 261 2868 five
278 2818 470 2856 stamaria
493 2844 503 2855 .
523 2817 661 2866 Capite
677 2828 740 2853 xx·
756 2829 866 2856 aeens
880 2814 923 2853 de
969 2816 1219 2867 formantur,
1251 2826 1330 2862 quae
1361 2814 1526 2852 maxime
1559 2817 1612 2853 ad
1648 2813 1824 2861 aurifices

97 2874 286 2914 Caelatura
302 2899 316 2916 ,
338 2875 371 2912 δι
388 2874 465 2919 ejus
481 2871 684 2923 5pec1'c-bus
698 2896 710 2912 ‚
738 2869 816 2908 ait:
839 2872 923 2918 Spe·
980 2869 1142 2919 pertinet
1157 2890 1167 2901 ·
1190 2870 1288 2906 Item
1303 2872 1349 2907 &¹
1371 2867 1565 2907 Toreutice
1585 2893 1596 2910 ‚
1614 2882 1732 2917 quum
1747 2880 1817 2905 va-

91 2931 160 2967 cies
178 2932 257 2978 ejm
279 2926 518 2978 ffinaglrphice
536 2951 546 2967 ‚
574 2927 724 2976 quando
742 2922 925 2973 exsculpi·
975 2925 1021 2975 sa
1039 2921 1209 2971 ,fibulas
1229 2947 1242 2964 ‚
1260 2928 1305 2962 Ψ
1322 2922 1549 2964 candelabra
1562 2948 1576 2967 ,
1595 2929 1641 2962 εἳ·
1661 2923 1815 2970 ejusmo-

91 2993 157 3024 θαι·
176 3008 190 3028 ‚
205 2992 247 3023 ut
263 2982 415 3023 exstent
430 2979 610 3035 imagines
627 3010 635 3020 .
657 2979 898 3031 Diaglyphice
914 3005 927 3023 ,
984 2978 1027 3018 ai
1039 2977 1249 3018 antidimm
1265 2983 1347 3018 &c-

1914 686 1972 723 De
1991 682 2082 722 Auci
2097 685 2264 723 Gemma

1880 738 2018 780 eodem
2046 750 2141 787 typo
2163 751 2183 776 a
2206 749 2270 774 re·

1878 791 2117 834 centioribus
2149 793 2266 830 itera-

1881 859 1922 887 to
1940 846 2143 895 insculpta,
2163 845 2259 883 alia—

1878 912 2040 951 rumque
2089 910 2263 937 veterum

1879 957 2137 993 Gemmarum
2191 965 2263 989 cae-

1878 1008 2010 1047 laturis
2043 1008 2090 1044 ab
2123 1005 2260 1045 eisdem

1877 1062 1969 1114 saepe
1987 1061 2158 1113 repetitis
2174 1084 2188 1102 ,
2224 1061 2260 1096 ἃ·

1876 1129 2005 1156 earum
2048 1126 2216 1153 maxuue
2247 1135 2260 1153 2

1876 1182 1959 1222 quae
2003 1168 2256 1219 antIquotum

1878 1224 2078 1275 sculptor&
2097 1219 2259 1259 nomini-

1877 1278 1945 1318 bus
1963 1279 2141 1332 infignitae
2158 1278 2256 1318 suut.
