2535 3862
589 179 1448 251 PRAEFATIO.
1759 189 1884 241 xm

186 276 442 371 riegati
468 341 491 375 9
518 276 884 350 Carneolae
913 339 936 374 9
959 275 1353 370 Hyacinthi
1378 338 1402 373 9
1424 271 1837 366 Amethysti
1866 332 1891 368 9

186 379 642 453 Chalcedonii
664 380 925 451 affabre
964 380 1479 473 exprimantur3
1508 371 1890 472 positisque

186 484 259 553 in
289 481 655 577 conspectu
675 544 698 579 9
715 499 1046 553 veterum
1069 480 1442 550 anulorum
1468 478 1720 548 vitreis
1751 473 1890 545 his-

188 610 264 657 ce
295 584 508 680 pastis
534 645 558 678 9
610 607 775 657 cum
825 579 989 677 ipfis
1012 583 1316 672 gemmis
1342 581 1426 651 de
1459 580 1767 650 veritate
1790 578 1893 649 rei

187 684 383 785 quasi
409 684 962 757 contendendum
986 681 1106 751 sit.
1148 685 1384 773 Igitur
1416 699 1669 775 parata
1692 680 1892 772 gem-

187 812 306 860 ma
333 786 678 880 insculpta
705 849 729 883 9
779 784 928 856 five
979 782 1376 880 exscalpta9
1427 779 1480 850 fi
1531 783 1690 879 quis
1714 782 1892 851 velit

187 887 592 979 hujusmodi
623 885 850 983 pastas
897 887 1172 981 optime
1227 882 1570 956 conficere
1586 918 1607 962 3
1664 882 1894 952 sumta

193 988 426 1062 ferrea
452 990 710 1061 lamina
737 1052 761 1086 9
790 988 1180 1067 altitudinis
1207 988 1491 1059 circiter
1537 987 1742 1055 unius
1783 984 1889 1055 di-

189 1094 327 1186 giti
353 1155 376 1190 9
410 1092 482 1161 &
511 1095 583 1163 in
607 1092 955 1166 circulum
981 1155 1004 1189 9
1034 1089 1182 1161 five
1216 1092 1286 1160 in
1309 1088 1622 1182 figuram
1656 1084 1895 1159 ¹ovatae

189 1195 440 1268 formae
493 1195 808 1280 sinuata(
845 1192 1430 1267 circumferentiae
1456 1189 1693 1287 paullo
1743 1212 1895 1258 ma-

189 1300 358 1388 joris
386 1362 409 1398 9
435 1320 650 1395 quam
674 1297 821 1394 ipsa
842 1319 1132 1390 gemma
1155 1294 1267 1383 fit)
1293 1327 1313 1372 3
1335 1318 1468 1367 non
1491 1295 1743 1390 utique
1766 1290 1893 1361 sta-

190 1425 358 1472 mno
376 1463 399 1499 9
429 1400 577 1473 five
605 1402 741 1472 alia
763 1402 1060 1472 materia
1090 1398 1429 1470 solidatur
1448 1461 1472 1493 9
1522 1420 1606 1467 ne
1643 1396 1727 1464 ab
1753 1392 1894 1463 ela-

192 1502 358 1574 stica
388 1505 467 1574 vi
500 1523 714 1601 queat
754 1502 1032 1574 diffolvi
1061 1564 1084 1597 9
1133 1524 1355 1599 quum
1386 1501 1474 1572 ad
1510 1501 1750 1592 ignem
1775 1494 1896 1565 ad-

193 1624 569 1681 movetur3
624 1604 740 1677 sed
789 1605 1279 1677 tantummodo
1326 1601 1635 1699 pe-rfec'te
1672 1598 1899 1689 jungi·-

194 1730 317 1782 tur
343 1770 366 1806 9
391 1704 772 1804 perforatis
796 1769 819 1804 9
860 1705 1241 1803 clausisque
1281 1703 1544 1776 reflexo
1564 1766 1588 1800 9
1643 1699 1758 1771 seu
1787 1721 1894 1772 re-

193 1811 507 1910 percusso
558 1810 908 1884 claviculo
955 1807 1524 1882 extremitatibus
1558 1803 1841 1875 laminae
1871 1863 1896 1898 9

198 1937 356 2011 quae
391 1913 615 1983 altera
665 1914 870 1984 alteri
896 1975 920 2009 9
954 1913 1125 1982 lima
1148 1911 1532 1980 admodum
1571 1906 1897 1975 imminu-

197 2035 289 2086 tae
318 2013 880 2108 superponuntur
906 2074 930 2107 9
977 2030 1055 2082 ut
1083 2010 1432 2082 circulum
1456 2005 1894 2079 constituant.

198 2114 441 2189 Tunsa
465 2115 713 2186 deinde
737 2140 919 2191 terra
945 2114 1373 2210 Tripolitana
1424 2116 1450 2194 (
1477 2133 1637 2206 quae
1684 2109 1784 2176 ita
1810 2107 1896 2176 ab

201 2245 279 2291 ea
326 2218 652 2289 Civitate
692 2219 763 2288 in
801 2214 1057 2287 Africa
1110 2216 1394 2306 regione
1413 2208 1547 2281 fita
1579 2207 1891 2306 appella-

202 2341 322 2393 tur
347 2383 370 2418 9
396 2342 552 2417 quae
583 2326 795 2418 Regni
819 2317 1231 2411 Tripolitani
1277 2330 1489 2409 caput
1519 2311 1614 2382 est
1638 2375 1662 2410 9
1713 2309 1786 2377 &
1812 2310 1896 2379 ab

181 2424 508 2520 'antiquis
564 2420 1041 2517 Scriptoribus
1093 2418 1232 2490 alio
1294 2416 1571 2487 nomine
1633 2413 1897 2485 dicitur

206 2532 431 2620 Leptis
463 2551 712 2620 magna
731 2587 755 2619 9
796 2545 978 2594 nunc
1000 2540 1238 2593 autem
1267 2517 1555 2613 Tripolis
1580 2512 1899 2587 Barbaro-

207 2634 408 2713 rmn)
437 2687 459 2722 9
484 2627 696 2697 tertia
719 2647 882 2722 pars
906 2623 1239 2720 descripti
1285 2619 1529 2692 circuli
1551 2685 1574 2717 9
1606 2618 1897 2690 eadem„

210 2748 401 2802 terra
444 2727 670 2819 digito
728 2727 949 2824 preffa
1008 2726 1389 2823 impleatur
1430 2777 1443 2790 .
1502 2722 1896 2820 Reliquum

1727 2823 1895 2912 eius-
