2535 3862
653 250 775 289 102
1064 225 1941 283 DISSERTAT.10

248 314 369 354 ear.
395 321 570 362 xxvni
644 319 741 382 bea
793 314 1066 403 superior
1111 331 1369 402 urgetur
1410 312 1596 374 celeri
1636 329 1815 374 motu
1849 359 1864 374 .
1929 311 2091 376 Rotae
2131 338 2370 380 curren.-

645 416 694 477 ti
735 410 1071 474 admovent
1109 426 1473 497 gemmam,
1511 401 1576 470 ἃ
1613 427 1767 491 aqua
1802 451 1823 480 ,
1874 429 1942 468 ac
1985 403 2232 474 smiride
2285 412 2374 498 ip-

644 504 771 570 sam
820 503 1033 566 Rotam
1085 520 1394 592 tingunt3
1441 524 1558 587 qua
1609 502 1841 563 ratione
1893 501 2159 564 nitorem
2199 523 2377 593 gem·

645 603 761 666 mis
807 592 1137 661 conferunt
1186 602 1246 660 in
1289 592 1609 686 superficie
1653 641 1672 671 ,
1719 596 1886 681 quod
1932 592 2372 684 proposueram

645 692 949 759 indicare.
987 692 1290 757 Eamdem
1323 713 1640 783 gemmam
1674 691 1734 751 in
1766 693 1966 779 capite
2001 689 2187 780 lignei
2224 686 2376 766 fusi,

644 792 780 881 pice
819 784 1110 852 calefa&a
1134 835 1153 864 ‚
1197 812 1265 851 ac
1309 810 1460 878 pene
1495 788 1727 871 liquata
1765 781 2024 848 firmiter
2064 781 2375 874 defigunt3

645 881 838 974 ipsam
884 884 1112 948 etenim
1159 879 1416 946 summis
1453 881 1668 972 digitis
1713 881 1969 943 retinere
2009 926 2030 954 ‚
2086 903 2212 965 quae
2257 878 2379 967 ple-

644 1002 906 1064 rumque
933 980 1186 1041 minima
1226 975 1307 1040 est
1329 1025 1347 1052 ,
1379 1001 1470 1040 res
1511 971 1655 1039 effet
1684 972 2080 1038 incommoda
2103 1020 2123 1048 ,
2156 997 2225 1037 ac
2260 973 2380 1061 ple-

644 1097 723 1137 na
760 1069 1144 1136 difficultatis
1187 1120 1201 1134 .
1246 1069 1477 1136 Fusum
1516 1071 1765 1133 caelator
1806 1064 2035 1130 sinistra
2071 1092 2259 1130 manu
2297 1087 2380 1130 te-

644 1185 750 1231 net
778 1213 798 1241 ,
849 1185 918 1229 ut
959 1188 1275 1254 gemmam
1317 1213 1337 1243 ,
1402 1189 1525 1253 quo
1577 1159 1889 1226 neceffitas
1935 1157 2198 1250 postulat
2242 1185 2380 1227 con-

644 1258 829 1326 verso
862 1256 995 1324 fuso
1033 1257 1272 1323 versare
1318 1262 1523 1324 valeat
1552 1255 1879 1343 scalpendo
1908 1305 1923 1319 .
1964 1256 2142 1320 Idem
2179 1256 2384 1320 omni-

644 1377 725 1419 no
783 1352 1101 1419 firmandae
1136 1375 1395 1445 gemmae
1436 1353 1660 1417 modus
1709 1355 1767 1414 in
1817 1348 1926 1415 usu
1965 1348 2096 1427 est,
2135 1345 2180 1413 fi
2223 1349 2382 1415 Ada-

644 1472 924 1526 mantem,
969 1474 1087 1513 non
1140 1450 1326 1514 Rotas
1374 1447 1658 1514 adhibeat
1696 1495 1710 1510 .
1756 1447 2066 1536 -Sculptor
2106 1440 2215 1507 nisi
2254 1445 2380 1509 acie

646 1548 978 1610 oculorum
1020 1568 1324 1634 perquam
1370 1563 1552 1608 acuta
1596 1538 1834 1631 praestet
1865 1588 1886 1617 ,
1934 1563 2154 1629 parum
2193 1588 2213 1614 ,
2274 1557 2380 1605 aut

648 1640 802 1702 nihil
841 1636 1086 1728 proficit
1129 1685 1147 1712 ‚
1210 1638 1273 1705 ὅ(
1334 1636 1443 1702 nisi
1487 1640 1715 1726 primas
1755 1635 2005 1725 pistoris
2043 1651 2246 1724 partes
2297 1654 2380 1699 te-

651 1751 834 1807 neat,
881 1728 1110 1795 scilicet
1142 1731 1434 1820 quicquid
1477 1731 1726 1796 obviam
1778 1732 1974 1817 parari
2017 1731 2379 1820 contingat,

649 1824 915 1916 perfecie
956 1824 1256 1890 delineare
1298 1824 1545 1889 sciverit
1570 1872 1590 1900 ‚
1643 1819 1863 1888 frustra
1901 1843 2096 1887 artem
2131 1821 2381 1912 profite-

650 1925 704 1984 ri
748 1919 995 1984 audebit
1031 1968 1046 1982 .
1103 1918 1287 1985 Visui
1332 1942 1481 1984 vero
1524 1922 1686 1982 lente
1733 1917 2091 2004 crystallina
2119 1963 2141 1992 ,
2189 1941 2378 2005 quam

650 2016 1061 2098 μικροσκοττέἱον
1106 2012 1321 2076 dicunt
1359 2058 1380 2087 ,
1434 2013 1738 2075 virtutem
1799 2010 1863 2078 ὅ(
1919 2013 2082 2075 vires
2143 2014 2375 2098 aliquas

650 2104 1062 2181 adcrescunt,
1129 2105 1665 2194 quemadmodum
1720 2126 1961 2170 veteres
2021 2108 2378 2195 Sculptores

650 2198 848 2267 feciffe
896 2200 1187 2266 credibile
1232 2200 1373 2279 est3
1443 2202 1728 2289 quamvis
1782 2203 2014 2265 nullam
2062 2202 2238 2264 lentis
2286 2204 2378 2265 vi-

652 2315 794 2361 treae
835 2297 1211 2357 mentionem
1238 2341 1256 2369 ‚
1302 2295 1591 2359 hactenus
1639 2294 2063 2359 adinvenerim
2106 2293 2179 2359 ab
2215 2314 2380 2359 vete-

653 2389 821 2453 ribus
865 2387 1157 2452 traditam
1185 2435 1199 2450 .
1244 2390 1614 2453 Dominicus
1653 2392 1859 2452 Maria
1906 2390 2195 2453 Mannius
2243 2414 2379 2454 eru-

652 2483 781 2548 dite
824 2506 1018 2571 nuper
1059 2478 1341 2546 differens
1390 2483 1465 2549 de
1508 2485 1723 2549 vitreis
1766 2481 2058 2546 orbiculis
2086 2529 2104 2557 ,
2147 2485 2370 2571 quibus

652 2578 982 2643 oculorum
1025 2575 1411 2643 imbecillitas
1442 2585 1694 2662 juvatur
1733 2573 1835 2662 (1)
1878 2625 1897 2652 ,
1936 2580 2234 2666 perquirit
2278 2581 2373 2646 di-

653 2675 916 2761 ligenter
943 2718 964 2748 ,
988 2694 1110 2760 quo
1134 2674 1300 2738 Vitri
1327 2694 1547 2766 genere
1587 2692 1905 2739 uterentur
1939 2677 2202 2762 antiquae
2227 2694 2374 2768 gen·

2277 2789 2366 2836 ἵξις

709 2942 770 2984 (1)
805 2937 918 2988 Degli
934 2938 1096 2977 Occhialt'
1125 2943 1176 2978 da
1192 2938 1276 2991 naſs)
1295 2937 1489 2979 inventare·
1541 2954 1587 2980 no
1606 2967 1618 2979 .
1658 2943 1839 2981 Trattato
1859 2941 2003 2995 Istorico
2023 2948 2101 2985 ΕΞΓε.
2124 2943 2168 2983 In
2188 2944 2338 2985 Fitenze
2353 2970 2365 2983 .

652 2997 704 3035 da
717 2993 871 3033 Salvino
888 2993 1037 3032 armati
1054 2994 1285 3036 Gentiluomo
1303 2995 1485 3036 fiorenti-
1542 3007 1577 3035 M
1587 3008 1613 3035 D
1623 3008 1646 3036 c
1659 3009 1682 3037 c
1694 3008 1720 3036 x
1733 3010 1760 3036 x
1773 3010 1801 3038 x
1813 3008 1839 3035 v
1850 3011 1864 3037 1
1880 3012 1894 3039 ι
1905 3011 1940 3038 1.
