2535 3862
302 328 423 373 CAP.
468 327 565 370 XVI

675 250 763 315 50
1082 226 1978 292 D1ss‘ERTAT10

670 319 950 389 dentibus
987 317 1317 386 delibanda
1356 368 1372 385 .
1430 323 1628 387 Porro
1680 323 2076 406 Hymenaeus
2130 323 2399 402 Bacchi2

671 417 737 485 ὃς
789 415 1041 487 Uraniae
1087 412 1248 481 filins
1289 442 1307 488 3
1368 412 1626 505 Cupido
1673 436 1917 503 quoque
1965 413 2126 479 filius
2164 420 2354 506 Jovis
2391 464 2411 494 ‚

670 537 740 577 ac
777 512 1088 587 Veneris,
1122 510 1272 575 ludo
1311 509 1658 603 digitorum
1700 509 1995 574 ludebant
2033 512 2363 600 aliquando
2387 560 2406 588 ‚

670 626 742 671 ut
778 627 986 672 narrat
1018 610 1287 672 Nonnus
1333 607 1700 697 Panopolita
1745 611 1859 687 [1]
1893 633 1905 669 :
1958 628 2144 694 quem
2183 606 2409 672 ludum

669 708 926 769 Marcus
969 704 1217 768 Tullius
1264 706 1493 769 Cicero
1519 750 1539 778 ,
1587 698 1652 769 ὅ(
1687 705 1946 767 Marcus
1983 706 2197 767 Varro
2244 701 2414 766 dixe·-

671 816 855 863 runt:
897 805 1102 862 micare
1135 799 1383 889 digitis,
1423 795 1592 887 quod
1629 793 1755 862 est:
1796 800 1998 887 digitis
2023 797 2237 884 fhrtiri
2263 845 2282 873 ,
2323 797 2414 861 uti

672 891 962 959 observat
1004 897 1252 960 Nonius
1296 895 1639 960 Marcellus
1681 894 1745 957 in
1786 893 1978 959 Libro
2027 892 2093 956 de
2146 891 2414 979 Proprie-

670 1011 790 1054 tate
809 989 1125 1076 sermonum
1159 995 1276 1071 [2]
1305 1038 1318 1053 .
1363 986 1593 1054 Nostra
1632 1006 1810 1054 aetate
1850 991 1909 1052 in
1955 988 2140 1054 Italia
2182 989 2414 1079 vulgus

672 1086 981 1173 appellare
1026 1083 1393 1149 consuevit:
1446 1081 1536 1148 La
1577 1080 1792 1147 Morrcz
1825 1131 1840 1146 .
1887 1084 2199 1149 Hercules
2251 1083 2415 1171 pari-

672 1199 766 1243 ter
800 1179 989 1269 Jovis
1024 1226 1046 1254 ,
1097 1177 1162 1246 ὃς
1201 1180 1526 1244 Alcmenae
1564 1174 1725 1244 filius
1761 1225 1782 1253 ,
1835 1196 1932 1243 tot
1969 1180 2300 1242 exantlatis
2342 1179 2421 1242 la-

673 1273 926 1339 boribus
972 1293 1193 1352 notus,
1237 1297 1384 1339 cum
1432 1275 1636 1362 pueris
1681 1270 1949 1363 persaepe
1996 1271 2253 1338 ludebat
2298 1274 2428 1337 anie-

674 1371 765 1434 mi
807 1367 1116 1434 relaxandi
1152 1372 1391 1460 gratia,
1428 1367 1596 1455 quod
1639 1364 1944 1459 scriptum
1978 1371 2274 1458 reliquit,
2315 1369 2437 1433 ali--

678 1464 738 1529 hi
783 1463 1071 1530 laudatus
1109 1467 1390 1533 AElianus
1438 1471 1600 1547 (3).
1656 1466 1773 1529 Nil
1818 1485 1971 1557 ergo
2010 1467 2249 1529 mirum
2294 1509 2315 1539 ‚
2380 1459 2427 1527 fi

681 1558 999 1625 {udentem
1052 1584 1196 1626 cum
1245 1565 1486 1626 Amore
1527 1565 1842 1625 Venerem
1884 1519 2210 1624 finxerunt
2275 1559 2431 1622 anti-

683 1657 789 1743 qui
818 1702 838 1730 ‚
887 1676 1082 1740 quum
1133 1652 1348 1719 eadem
1384 1651 1510 1743 ipsa
1545 1657 1932 1744 gratiarum,
1978 1677 2270 1719 amorum
2295 1698 2317 1728 ,
2356 1678 2427 1717 ac

681 1747 1162 1840 pulchritudinis
1209 1752 1397 1813 etiam
1450 1753 1584 1812 Dea
1639 1770 1671 1812 a
1728 1751 1981 1842 paganis
2034 1750 2368 1815 haberetur
2411 1796 2432 1829 2

683 1846 928 1932 qualem
973 1861 1141 1910 certe
1186 1845 1396 1910 Poe'tae
1432 1845 1686 1922 Graeci,
1743 1870 1812 1909 ac
1853 1847 2058 1909 Latini
2099 1846 2425 1935 plerique-2

683 1938 1042 2004 fabulantur
1085 1985 1102 2001 .
1152 1940 1369 2025 Qare
1422 1939 1686 2005 illorum
1737 1936 2081 2006 testimonia
2131 1936 2375 2005 adferre
2411 1986 2433 2016 2

686 2034 903 2100 volens
939 2030 1275 2123 lubensque
1311 2029 1706 2124 supersedeo.
1748 2034 1921 2099 Illud
1952 2054 2157 2101 tamen
2196 2059 2271 2101 ex
2297 2038 2432 2102 He-

684 2128 912 2195 rodoto
965 2125 1430 2198 Halicarnaffeo
1484 2129 1546 2192 in
1606 2131 2007 2220 Melpomene
2052 2136 2158 2214 (4)
2200 2179 2222 2208 ,
2294 2131 2432 2195 heic

683 2222 1070 2302 meminisse,
1112 2222 1271 2290 forte
1303 2230 1525 2308 juvare
1563 2224 1903 2315 aliquando
1938 2229 2219 2318 poterit,
2267 2246 2437 2291 nem-

682 2345 795 2412 pe,
824 2321 1214 2409 Scythaium
1247 2322 1510 2409 populos
1536 2344 1646 2410 per
1676 2324 1906 2413 Virgas
1950 2323 2234 2414 Salignas
2276 2324 2431 2387 vati·

684 2416 930 2492 cinari,
970 2412 1036 2481 ὃς
1076 2415 1370 2491 Enaries,
1414 2416 1523 2505 qui
1565 2411 1704 2480 sunt
1745 2416 2140 2507 Androgyni
2183 2440 2298 2507 per
2324 2418 2436 2484 Ti-

682 2514 833 2576 }iam
864 2509 1241 2576 vaticinandi
1275 2528 1474 2576 artem
1506 2538 1540 2578 a
1576 2516 1823 2578 Venere
1860 2508 2153 2601 accepisse
2183 2560 2204 2589 ‚
2261 2517 2434 2596 cujus

2215 2625 2432 2673 autem

735 2700 802 2750 [1]
833 2699 1141 2752 Dionyfiacorum
1157 2722 1167 2736 .
1184 2700 1304 2741 Libro
1319 2712 1421 2741 xxxx
1435 2709 1497 2739 11:
1578 2700 1746 2741 mimmii
1762 2698 1987 2752 consuetudo
2004 2724 2018 2747 ,
2035 2703 2071 2740 Sc
2093 2699 2250 2752 quidem
2272 2718 2280 2741 :
2298 2699 2432 2752 digitis

739 2759 803 2802 (2)
833 2756 975 2808 Capite
998 2768 1059 2793 xv.
1089 2756 1154 2794 ubi
1187 2758 1234 2795 de
1253 2755 1523 2808 variasigmfi-
1578 2757 1861 2796 conludentihus
1884 2782 1897 2799 ,
1944 2757 1980 2797 in
2011 2755 2285 2810 negotiationis
2320 2756 2428 2797 usum

685 2809 831 2850 catione
856 2808 1066 2858 sermonum
1102 2810 1182 2862 agit
1202 2839 1213 2851 .
1252 2812 1342 2850 Vid.
1370 2817 1403 2858 ὦ.
1436 2822 1527 2861 303·
1582 2824 1846 2852 memotatut.

685 2866 833 2905 deefis
859 2866 956 2918 apud
986 2868 1199 2906 Gruterum
1230 2868 1266 2906 in
1298 2880 1440 2920 magno
1457 2871 1524 2908 In·
1635 2871 1697 2914 (3)
1727 2871 1819 2907 var.
1839 2867 1987 2907 Histor-
2007 2866 2125 2907 Libto
2141 2878 2184 2907 xr
2197 2878 2230 2906 1.
2249 2867 2424 2918 Cap-xm

689 2922 938 2973 scriptionum
965 2921 1170 2961 Thesauro
1199 2921 1400 2963 Tabulam
1430 2935 1532 2962 mat·
1639 2924 1703 2973 [4]
1735 2923 1889 2973 Nempe
1911 2922 2031 2962 Libro
2052 2932 2114 2959 ιν.
2138 2922 2397 2961 Historiarum
2417 2946 2428 2958 .

689 2991 863 3017 moteam
882 2976 1128 3028 insctiptam,
1159 2991 1276 3033 quam
1304 2977 1430 3018 adfert
1457 2981 1528 3017 Pa·
1588 2992 1695 3018 num·
1714 2990 1838 3031 marg.
1870 2989 2015 3017 va11.
2049 2977 2183 3029 pagina
2200 2987 2290 3024 245.
2324 2975 2439 3026 Εάἷῑ,ζ

690 3033 1029 3086 ginanchvu.
1057 3047 1164 3076 num.
1184 3043 1226 3077 6.
1255 3033 1294 3074 in
1327 3047 1370 3073 ea
1399 3034 1530 3074 enim:
1590 3033 1915 3075 'itancofurtmn
1931 3033 1998 3076 fol.
2017 3042 2247 3073 Mncvuz.
