2535 3862
579 224 1443 290 GLYPTOGRAPHICA.
1831 248 1875 302 7

149 315 429 383 eamdem
478 337 685 383 narrat
738 318 1043 384 vetustam
1090 323 1456 385 memoriam
1494 363 1514 394 ‚
1568 315 1633 386 ὃς
1680 323 1876 384 Gem-

148 437 317 477 mam
349 414 624 477 caelatam
646 461 665 488 ,
698 412 1061 504 Smaragdnm
1083 463 1104 492 ‚
1138 414 1323 479 valde
1359 407 1703 503 pretiosum
1733 410 1877 479 fuis:-

145 504 205 570 se
238 504 606 584 confirmat,
640 504 715 570 ab
749 508 970 572 eodem
990 508 1334 575 Theodoro
1365 510 1576 575 Samio
1600 510 1877 576 Teleclei

144 598 276 665 filio
299 650 321 679 ‚
361 625 547 690 quem
582 599 767 690 supra
798 603 1247 668 celebravimus
1273 646 1289 675 ,
1329 600 1574 668 summo
1612 602 1876 669 artificio

146 694 522 786 insculptum
561 745 574 758 .
627 695 908 786 Augebit
938 719 1089 761 vero
1132 694 1491 775 Stoschius,
1535 704 1750 781 (cujus
1787 718 1880 763 to-

150 811 214 855 ta
248 814 319 855 ea
354 790 678 880 provincia
708 790 841 870 est)
877 791 1030 855 hanc
1065 788 1278 855 seriem
1316 809 1602 856 veterum
1642 795 1881 856 caelato·

149 909 288 950 rum
326 904 721 976 gemmarum
761 885 1032 952 editione
1065 887 1258 951 altera
1293 882 1382 950 sui
1422 888 1622 978 operis
1646 934 1665 963 ,
1694 910 1887 975 quam

152 1003 363 1070 parare
401 998 799 1070 compertum
832 979 914 1047 est
955 983 1400 1076 elegantiorem
1426 1031 1446 1046 ι,

339 1173 598 1237 Ximius
640 1175 808 1240 inter
836 1175 986 1239 alios
1010 1220 1030 1249 ,
1076 1177 1183 1263 qui
1218 1197 1443 1240 nomen
1482 1171 1660 1240 suum
1693 1178 1882 1240 Gem-

363 1269 479 1331 mis
503 1264 873 1359 inscriptum
903 1268 977 1334 ad
1000 1269 1273 1358 posteros
1309 1268 1682 1335 mandarunt
1707 1317 1726 1346 ,
1765 1266 1883 1334 fuit

155 1384 326 1427 certe
362 1362 552 1428 Aulus
576 1410 596 1439 ‚
634 1367 734 1429 vel
770 1368 1025 1429 Graecus
1063 1363 1286 1429 artifex
1312 1413 1332 1440 ,
1370 1367 1470 1430 vel
1509 1369 1884 1431 Graecorum

157 1460 614 1547 exemplarium
665 1479 858 1548 typos
919 1462 1117 1553 magis
1180 1459 1470 1549 probatos
1540 1464 1814 1526 imitatus
1867 1487 1890 1538 3

160 1554 390 1617 etenim
435 1571 632 1617 artem
687 1554 1002 1647 egregiam
1046 1554 1248 1618 adhuc
1292 1552 1626 1620 ostendunt
1674 1558 1890 1620 multae

160 1648 237 1714 ab·
275 1645 497 1714 eodem
551 1650 770 1713 caelatae
813 1696 834 1725 ‚
898 1668 1080 1737 atque
1130 1654 1254 1731 ejus
1302 1651 1552 1713 nomine
1595 1646 1841 1739 signatae
1875 1695 1896 1724 ,

156 1740 285 1807 five
323 1739 629 1833 inscriptae
671 1748 955 1811 Gemmae
981 1792 994 1807 .
1035 1745 1335 1832 Qinque
1370 1765 1446 1808 ex
1480 1744 1571 1807 his
1611 1740 1897 1809 visuntur

159 1837 376 1904 adlatae
428 1840 490 1903 in
538 1841 750 1929 Opere
793 1835 1156 1905 Stoschiano
1201 1840 1314 1922 [1]
1351 1885 1372 1914 ‚
1436 1860 1703 1926 quarum
1748 1838 1898 1903 duas

160 1936 223 1997 in
263 1929 474 1999 Musei
511 1935 854 1999 Florentini
889 1934 1236 1999 Volumine
1276 1930 1545 1998 secundo
1590 1943 1698 2015 (2),
1739 1953 1903 1999 retu-

159 2030 234 2095 lit
277 2025 719 2093 eruditiffimus
757 2027 972 2092 auctor
1011 2073 1031 2101 ‚
1066 2028 1474 2110 meminitque
1512 2029 1901 2117 anaglyptici

162 2125 366 2214 operis
409 2122 483 2188 ab
520 2119 786 2211 ipsomet
823 2122 975 2185 Aulo
1011 2119 1437 2185 Chalcedonio
1472 2121 1697 2198 excisi,
1733 2119 1903 2210 quod

164 2222 225 2282 in
271 2213 497 2282 Museo
545 2218 873 2307 Capponio
920 2220 1140 2281 Romae
1185 2212 1550 2280 adservatur
1585 2265 1606 2293 ‚
1670 2213 1736 2281 ὃς
1779 2238 1903 2278 non

164 2312 318 2378 dum
363 2314 571 2376 lucem
613 2309 895 2402 adspexit
942 2313 1055 2396 [3]
1100 2356 1120 2385 ,
1186 2306 1431 2374 sextum
1469 2310 1650 2393 hujus
1687 2306 1906 2374 Artifi-

167 2411 251 2472 cis
296 2430 485 2496 opuS.
529 2409 679 2472 Alia
719 2407 1007 2496 praeclara
1043 2407 1318 2469 Gemma
1354 2405 1497 2469 Auli
1534 2407 1784 2470 nomine
1819 2404 1907 2470 in-

169 2500 394 2594 fignita
420 2549 440 2577 ‚
503 2501 575 2566 ab
608 2504 856 2592 Joanne
900 2498 1101 2564 Fabro
1142 2497 1581 2590 Bambergenfi.
1616 2499 1905 2565 laudatur

171 2600 239 2661 in
272 2598 760 2661 Commentariis
786 2594 863 2661 ad
890 2595 1205 2685 Imagines
1228 2597 1537 2661 Virorum
1562 2593 1909 2660 Illustrium

178 2689 579 2758 Bibliothecae
612 2693 827 2759 Fulvii
850 2687 1094 2764 Urfinii
1132 2717 1147 2754 z
1190 2688 1355 2755 habet
1398 2696 1540 2755 enim
1563 2737 1586 2767 ,
1631 2709 1702 2756 ut
1742 2685 1908 2779 ipse-2

1769 2806 1909 2874 pro-

238 2909 298 2954 (1)
329 2906 431 2945 Tab·
450 2918 519 2945 xv.
551 2918 643 2946 xvx·
672 2919 791 2949 xv11.
822 2922 963 2950 xv111.
980 2912 1016 2949 δι
1125 2907 1278 2947 Ibidem
1298 2932 1307 2944 ·
1325 2907 1434 2947 Tab.
1450 2920 1544 2945 νη.
1561 2909 1690 2945 Num.
1713 2904 1794 2942 111.

183 2974 279 3002 xxx.
1116 2964 1180 3014 [3]
1198 2962 1318 3002 Musei
1335 2962 1542 3002 florentini
1559 2959 1905 3010 Tom.11.pag·102

242 3021 303 3067 (a)
340 3015 465 3057 Claffe
487 3026 521 3058 1.
540 3017 647 3059 'rab‚
666 3019 725 3059 11.
745 3018 868 3059 Num.
883 3029 925 3057 ι,
1078 3024 1201 3081 §lasse
1226 3039 1262 3077 t,

2004 1124 2123 1166 CAP.
2155 1126 2221 1164 ΙΙΙ

1987 1179 2044 1216 Dc
2064 1180 2160 1218 Aulo
2182 1182 2309 1220 Gem-

1932 1244 2081 1273 marum
2122 1235 2303 1286 Sculpto-

1933 1301 2001 1329 re,
2038 1292 2073 1327 ὅ(
2102 1289 2148 1327 de
2185 1290 2306 1327 Gem-

1934 1343 2004 1380 mis
2035 1344 2080 1382 ab
2105 1357 2150 1383 eo
2169 1342 2304 1383 inscul-

1934 1398 2007 1451 ptis
2029 1422 2039 1433 .
