2535 3862
1699 272 1725 314 1
1749 274 1774 313 1

242 343 488 409 Beatam
539 342 848 432 Virginem
871 385 892 417 ,
946 340 1021 405 ἐν
1068 340 1366 430 &oannem
1412 341 1879 432 Evangelifiam

244 435 504 526 reſs'rens
539 483 562 512 ,
608 456 783 525 atque
829 433 1180 499 admiranda?
1243 441 1389 500 item
1451 436 1881 526 magnitudinis

239 527 284 593 S
290 530 528 616 aphirus
552 575 575 604 ,
613 528 714 591 ubi
732 527 974 592 Divina
1002 525 1315 613 Majeffas
1370 554 1434 594 ea
1459 535 1683 591 ratione
1706 535 1733 603 ,'
1769 554 1881 620 qua

242 622 576 685 humanitus
602 624 907 706 exprimi,
951 641 1128 708 atque
1171 620 1518 686 adumbrari
1549 622 1749 707 ροῑεὲἷ
1787 630 1881 687 in·-

233 712 462 802 sbulpta
488 712 829 777 cernebatur
853 758 877 787 ‚
902 711 1224 801 Philippo
1247 712 1504 781 Sveviae
1532 711 1738 791 Duci,
1764 720 1881 804 qui

245 803 663 892 Imperatoris
694 802 964 871 titulum
992 803 1108 870 fibi
1136 805 1488 893 sumpserat
1508 853 1530 882 ,
1569 807 1742 873 dono
1769 810 1878 872 de-

248 896 400 962 diffe
433 945 447 960 .
470 898 570 962 Ex
595 897 699 963 his
737 902 1056 980 conjicere
1081 896 1236 964 licet
1264 903 1335 965 in
1362 899 1666 966 eumdem
1696 899 1879 965 usum

249 989 416 1078 apud
441 988 725 1055 Leonem
751 988 1215 1078 Imperatorem
1238 1037 1261 1066 ‚
1294 995 1589 1081 itemque
1617 993 1879 1082 Sapien-

249 1081 551 1148 tiffimum
577 1082 952 1175 Principem
978 1083 1324 1151 Gemmam
1366 1084 1644 1152 nostram
1672 1085 1878 1164 suiffe,

251 1179 318 1243 &
362 1172 565 1239 forsan
596 1176 683 1239 ad
709 1175 1089 1265 exemplum
1123 1177 1435 1266 Imaginis
1460 1224 1484 1253 ‚
1532 1202 1726 1268 quam
1757 1178 1877 1244 Ba-

251 1267 422 1331 filius
469 1267 828 1356 Imperator
875 1288 1099 1358 pater,
1145 1274 1215 1333 in
1260 1271 1514 1361 templo
1535 1319 1558 1347 ,
1607 1274 1687 1337 de
1737 1297 1867 1362 quo

249 1358 436 1449 supra
474 1366 894 1430 meminimus
921 1409 943 1437 ‚
987 1368 1177 1454 pingi
1220 1361 1497 1438 fecerat,
1540 1389 1607 1429 ea
1649 1363 1862 1430 Beatae

251 1452 481 1519 Mariae
506 1500 527 1529 ‚
570 1477 712 1541 quae
755 1460 826 1521 in
848 1479 1103 1543 gemma
1137 1456 1360 1523 vifitur
1385 1454 1707 1545 exscalpta
1734 1457 1815 1523 est
1840 1505 1864 1535 ,

254 1547 423 1611 unde
454 1546 558 1610 illi
581 1552 775 1611 etiam
801 1546 975 1613 hisce
1019 1549 1395 1616 nominibus
1427 1600 1448 1626 ‚
1491 1574 1623 1616 non
1659 1552 1871 1618 modin

255 1663 406 1708 cum
444 1643 641 1732 pretii
666 1642 912 1708 accedit
938 1689 960 1718 2
1007 1668 1078 1708 ac
1120 1643 1455 1733 dignitatis
1480 1689 1496 1704 ι
