2535 3862
575 188 1450 255 GLYPTOGRAPHICA.
1789 211 1870 272 23

151 286 271 350 huc
318 276 634 368 asperum,
680 278 745 348 ὃς
790 282 947 346 mire
987 280 1418 349 conservatum
1443 331 1463 361 ,
1503 306 1648 349 cum
1688 285 1877 350 Inau-

154 403 217 443 re
266 373 672 465 spectavimus
697 423 717 453 ,
764 382 934 460 cujus
972 381 1030 442 in
1069 377 1278 444 aversa
1319 399 1528 470 parte,
1569 382 1730 444 circa
1766 376 1880 443 foe-

152 473 383 536 minam
422 466 676 535 stantem
720 473 953 562 legitur
978 521 992 535 .
1033 496 1211 539 SALvs
1241 524 1254 537 .
1298 497 1701 541 REIPVRLICAE
1736 473 1884 562 (1),

148 562 344 655 ipsam
393 566 794 642 Flaccillam,
851 585 1169 653 tamquam
1223 572 1481 633 Numen
1511 568 1889 658 Reipublicae

145 659 405 725 salutare
447 661 930 747 exprimentem.
973 662 1120 725 Alia
1158 658 1438 748 profecto
1479 662 1892 741 numismata,

145 779 273 843 quae
316 751 634 829 vidimus,
678 753 796 816 hoc
841 756 1197 819 ornamenti
1236 775 1458 846 genere
1503 754 1752 846 prorsus
1802 783 1896 822 ca-

144 869 279 914 rent
332 895 346 909 .
424 850 579 910 Sane
626 848 864 935 juliam
922 846 1276 940 Augustam
1336 852 1474 916 Titi
1538 847 1898 940 Vespasiani

148 942 341 1008 filiam
385 941 649 1027 Beryllo
701 938 1017 1032 insculpsit
1058 942 1502 1036 elegantiffime
1546 969 1844 1012 Evonvs
1876 992 1898 1022 ,

151 1039 257 1126 qui
302 1035 584 1100 Diadema
614 1083 636 1112 ,
686 1033 917 1100 Inaures
952 1085 972 1114 ,
1036 1035 1102 1105 ὃς
1150 1042 1303 1104 item
1344 1035 1574 1105 Monile
1620 1043 1672 1104 ei
1711 1039 1895 1119 adtri-

150 1131 285 1197 buit
322 1136 423 1214 (2)
452 1179 472 1208 ,
517 1149 834 1220 tamquam
884 1138 1084 1199 Deam
1119 1132 1534 1224 representans
1581 1137 1643 1199 in
1680 1137 1894 1226 imagi-

148 1251 221 1293 ne
263 1276 276 1289 .
330 1229 556 1314 Neque
592 1229 713 1290 alio
750 1233 891 1310 jure
931 1229 1245 1295 Plotinam
1287 1229 1540 1314 Trajani
1588 1253 1891 1306 uxorem,

149 1321 441 1389 Sabinam
481 1327 810 1412 conjugem
836 1321 1187 1402 Hadriani,
1217 1344 1401 1413 atque
1433 1326 1579 1390 alias
1616 1350 1737 1391 non
1763 1327 1895 1390 nulr-

147 1420 235 1481 las
288 1413 604 1505 Augustas
651 1415 940 1481 foeminas
996 1418 1215 1484 eodem
1253 1421 1596 1485 Diademati?
1647 1418 1897 1513 insigni-

149 1531 239 1577 tas
291 1505 515 1574 videris
561 1512 623 1574 in
662 1509 1180 1591 numismatibuS,
1226 1517 1317 1580 uti
1350 1512 1684 1579 ostendunt
1720 1538 1897 1580 aver-

150 1604 224 1671 sae
267 1624 513 1694 parteS,
569 1604 786 1692 quibus
839 1605 1057 1672 nostrae
1107 1610 1417 1697 opinionis
1462 1611 1622 1672 ratio
1675 1607 1897 1674 confir·-

148 1719 361 1766 matur
402 1749 416 1764 .
484 1704 587 1766 Ita
638 1722 1082 1767 APOLLODOTVS
1128 1705 1435 1769 Minervae
1493 1698 1840 1768 Salutiferae
1873 1750 1894 1780 ‚

130 1795 362 1888 signum
409 1795 723 1863 ‘ramicum
761 1793 1050 1886 adposuit
1086 1821 1199 1887 pro
1230 1795 1436 1863 Inaure
1471 1797 1534 1861 in
1575 1802 1849 1863 Gemma
1872 1845 1893 1874 ,

152 1915 280 1981 quae
335 1889 530 1956 exstat
581 1892 643 1954 in
700 1890 926 1956 Museo
982 1891 1345 1958 Barbarinio
1398 1896 1515 1979 [3]
1551 1940 1566 1955 .
1617 1915 1895 1957 ASPASIAS

151 1988 378 2078 pariter
435 1988 801 2051 Minervam
861 1983 1261 2052 salutiferam
1325 1984 1569 2051 summa
1627 1986 1896 2079 diligen-

1773 2093 1848 2134 tia
1872 2117 1891 2148 ‚

204 2161 269 2206 (1)
299 2157 427 2196 Litera
445 2158 494 2196 R.
513 2169 582 2208 pro
601 2157 644 2194 B.
662 2155 828 2196 occurrit
858 2155 894 2194 in
912 2156 988 2193 hoc
1100 2155 1318 2197 Ediderunt
1349 2156 1447 2196 hanc
1480 2157 1690 2196 Gemmam
1721 2155 1892 2207 joannes

153 2215 333 2253 Nummo
364 2236 379 2254 ,
425 2222 591 2249 erratum
634 2209 805 2250 sollenne
849 2208 987 2248 vetusti
1045 2211 1213 2261 Angelus
1244 2211 1433 2251 Caninius
1465 2238 1475 2248 .
1510 2209 1743 2261 Iconografia
1770 2236 1785 2254 ,
1817 2210 1893 2250 cioe*

153 2266 362 2317 Scalptoris
397 2289 409 2300 ο
437 2266 589 2303 Notum
629 2268 679 2304 est
719 2278 808 2303 vero
844 2263 986 2301 horum
1045 2262 1208 2315 Difigm'
1248 2268 1287 2304 α’
1317 2263 1518 2315 Immagini
1563 2268 1625 2303 de’
1652 2262 1890 2315 famofifflmi

153 2335 311 2373 operum
327 2319 517 2362 artifices,
534 2320 686 2370 piflurae
705 2319 848 2369 potius,
868 2329 986 2369 quam
1048 2319 1252 2357 Monarchi
1279 2345 1293 2362 ,
1331 2318 1430 2369 Regi
1460 2325 1543 2357 ὅτ.
1575 2320 1703 2358 Num.
1735 2329 1890 2360 xc111.

154 2374 438 2427 orthographiae
458 2373 642 2412 studiosos
660 2373 730 2411 effe
749 2399 760 2411 .
1047 2384 1135 2424 pag.
1156 2386 1244 2422 123.
1264 2373 1357 2411 edit.
1376 2378 1493 2416 1669.
1521 2371 1559 2410 in
1575 2371 1646 2411 fol.

213 2433 274 2474 (ι)
313 2431 442 2467 Exstat
462 2428 498 2466 in
519 2427 721 2467 Thesauro
754 2425 874 2464 Sancti
894 2426 993 2464 Dio·
1104 2427 1333 2468 Gronovius
1365 2428 1400 2464 in
1436 2426 1640 2466 Thesauro
1659 2429 1892 2466 Graecarum

156 2484 252 2538 nyfii
272 2511 282 2522 .
317 2482 448 2520 Edidit
481 2481 671 2521 Stoschius
720 2481 757 2519 in
789 2483 919 2532 Opere
950 2480 993 2519 de
1051 2481 1345 2534 Antiquitatum
1362 2483 1494 2521 Tomo
1517 2482 1580 2518 11.
1599 2483 1723 2520 Num.
1744 2493 1896 2522 mxxxv-

157 2537 336 2580 Gemmis
352 2535 516 2584 antiquis
533 2536 996 2575 caelatis.Num.xxx111.
1051 2536 1119 2574 Sed
1140 2550 1275 2587 parum
1296 2535 1499 2587 diligenter
1520 2533 1751 2574 delineatam
1772 2560 1784 2571 .

155 2606 244 2645 pag·
264 2604 330 2642 44.
1099 2591 1245 2630 Videfis
1260 2588 1531 2628 Baudelotium
1552 2591 1597 2629 de
1615 2590 1776 2629 Dairual
1796 2617 1806 2629 .
1828 2591 1891 2626 De

214 2649 387 2697 E&ypon
418 2645 527 2694 hujus
546 2645 721 2683 Gemmae
750 2656 795 2683 ex
813 2644 988 2696 sulphure
1044 2645 1070 2680 l’
1090 2645 1230 2685 ‘Utilia³
1260 2646 1325 2683 des
1349 2645 1514 2694 Voyages
1531 2666 1541 2680 .
1574 2646 1708 2685 Tomo
1733 2658 1769 2682 1.
1801 2656 1893 2696 pag.

156 2700 414 2755 pulcherrimo
432 2701 593 2752 spectare
611 2698 703 2738 licet
718 2699 754 2739 in
772 2697 908 2750 Museo
934 2698 996 2738 Vi.
1057 2707 1124 2748 311
1138 2724 1147 2737 .

163 2756 273 2797 &orio
296 2781 307 2792 .
1109 2754 1322 2794 Bernardus
1350 2753 1481 2793 Picart
1518 2749 1802 2807 diligentiffime
1822 2765 1890 2791 ex-

214 2816 280 2860 (3)
316 2811 370 2853 De
385 2807 461 2846 hoc
477 2807 588 2859 Signo
606 2806 748 2859 egimus
764 2809 801 2848 in
819 2810 998 2852 Nummo
1055 2808 1181 2860 preflit
1208 2809 1306 2861 apud
1323 2807 1538 2847 Stol'chium
1559 2836 1570 2848 .
1599 2808 1759 2846 Gemmae
1776 2806 1886 2845 anti—

167 2865 281 2904 }Ereo
300 2865 482 2902 Veterum
499 2861 804 2904 Christianorum
836 2865 1001 2916 explica·
1056 2875 1138 2912 quae
1157 2865 1292 2901 caelatae
1311 2868 1393 2902 εἳέ.
1425 2863 1548 2904 Num.
1569 2876 1607 2901 x.
1625 2876 1710 2914 pag.
1729 2875 1791 2899 12.

167 2931 209 2957 to
228 2946 238 2956 .
275 2921 384 2956 Parte
406 2930 440 2956 x.
472 2916 608 2968 Capite
622 2930 793 2958 xxx11r.
826 2929 911 2971 pag.
925 2930 1000 2965 40.
1110 2918 1281 2971 Et'lypon
1301 2918 1420 2958 exstat
1439 2915 1530 2957 item
1552 2917 1592 2958 in
1611 2916 1743 2967 Museo
1769 2912 1889 2955 Vmo-

170 2977 205 3013 &
226 2972 328 3013 aliud
345 2983 498 3025 agentes
517 2995 528 3009 .
546 2972 645 3024 Cap.
665 2984 811 3015 xxxvx.
830 2985 917 3025 pag.
934 2983 980 3021 43
994 2997 1003 3011 .
1055 2971 1108 3012 rio
1125 2999 1136 3012 .

1978 276 2099 322 CAP.
2131 279 2235 324 VIII
