2535 3862
273 323 394 364 CAP.
422 321 539 364 XVII

662 242 742 305 52
1062 223 1946 281 DISSERTATIO

655 304 835 380 storia
877 316 1158 376 Romana
1196 308 1302 394 (ι)
1342 355 1363 385 ,
1407 307 1564 373 unde
1617 310 1920 374 Horatius
1966 316 2068 390 (2)
2105 356 2124 387 ‚
2172 311 2372 400 quin-..⁹

655 414 968 477 Venerem
1006 403 1429 468 nominaverit
1463 429 1476 465 :

750 499 898 565 Sive
943 518 1006 562 tu
1045 503 1239 565 mavis
1286 496 1536 584 Erycina
1583 497 1813 573 ridens,

748 591 945 687 Qum
972 599 1145 681 jocus
1185 594 1562 659 circumvolat
1591 640 1611 670 ‚
1656 594 1730 656 &¹
1773 590 1985 679 Cupido
2015 640 2030 657 .

655 692 984 779 Explicant
1025 690 1280 756 Horatii
1321 690 1616 754 Carmina
1664 690 2005 752 Gemmam
2059 682 2383 766 nostram5

658 789 716 849 in
761 808 879 873 qua
910 781 951 848 fi
992 791 1305 851 Venerem
1327 779 1608 867 jocosam
1645 778 1870 872 speeies
1895 830 1914 860 ‚
1951 780 2203 872 Cupido
2243 807 2389 872 quo-

660 904 770 970 que
817 881 1043 945 ciscam
1085 883 1398 946 Venerem
1436 879 1699 944 volitans
1738 901 1886 942 cum
1912 885 2062 960 joco
2105 925 2126 954 ,
2182 875 2386 943 statim

659 977 934 1040 occurrit
972 1002 991 1053 3
1070 997 1253 1062 quare
1337 969 1702 1063 Φιλομμαδῆς
1767 973 2079 1061 epitheton
2155 975 2387 1038 Veneri

660 1068 1010 1157 frequenter
1054 1065 1403 1158 adpositum
1441 1065 1524 1131 est
1563 1066 1637 1131 ab
1681 1071 1970 1132 Homero
2013 1073 2119 1147 (3)
2151 1114 2172 1143 ,
2225 1066 2390 1156 quod.

662 1160 814 1228 risus
852 1187 1059 1228 amans
1094 1162 1424 1228 haberetur
1449 1209 1464 1224 .
1486 1159 1648 1227 Vide
1669 1157 1744 1225 fis
1783 1158 1847 1227 ὃς
1881 1160 2211 1249 Orpheum
2242 1169 2350 1246 (4)
2372 1210 2392 1239 ,

664 1261 769 1348 qui
811 1257 1030 1323 eodem
1073 1257 1262 1323 modo
1307 1263 1617 1325 Venerem
1666 1258 1977 1348 eleganter
2016 1252 2223 1321 adficit
2260 1305 2280 1334 ,
2333 1255 2399 1324 ἃ

662 1378 829 1443 aeque
887 1350 1165 1420 fimiliter
1224 1370 1516 1418 exornat.
1568 1351 1826 1442 Cupido
1883 1368 2088 1416 autem
2157 1348 2400 1419 mascu-

662 1451 790 1513 lino
823 1469 1044 1541 genere
1064 1499 1085 1528 ‚
1123 1455 1431 1516 Amorem
1453 1495 1474 1525 ,
1504 1449 1767 1514 Veneris
1798 1445 2001 1512 filium
2027 1494 2046 1523 ,
2081 1444 2401 1540 defignat3

660 1540 988 1609 foeminino
1030 1593 1049 1622 ‚
1108 1543 1543 1635 Cupiditatem
1595 1551 1698 1627 (5)
1746 1592 1759 1607 .
1823 1546 2028 1607 Amor
2070 1565 2222 1610 vero
2262 1591 2281 1621 ,
2327 1562 2397 1609 ut

663 1639 826 1703 reete
870 1641 1123 1723 conjicit
1167 1638 1443 1704 Isidorus
1479 1646 1584 1719 (6)
1622 1665 1635 1702 ε
1704 1638 1827 1702 ideo
1872 1638 2056 1701 alatus
2099 1643 2397 1730 pingitur:

666 1739 798 1826 quia
830 1734 987 1797 nihil
1019 1732 1334 1798 amantibus
1371 1734 1566 1799 levius
1596 1780 1616 1809 ,
1668 1734 1825 1798 nihil
1861 1732 2190 1799 mutabilius
2239 1739 2405 1801 inve·-

667 1836 826 1893 uitur
849 1879 863 1893 .
911 1829 1056 1894 Puer
1084 1834 1379 1920 pingitur,
1426 1833 1554 1919 quia
1593 1827 1802 1892 Hultus
1824 1875 1844 1904 ,
1884 1831 1955 1893 (9⁴
1989 1829 2408 1894 irrationabilis

669 1925 852 1989 Amor
881 1926 1004 1988 &a
1054 1930 1146 1989 Eo
1201 1929 1430 1989 interea
1475 1923 1851 1990 deveneram
1889 1973 1909 2002 ,
1962 1923 2066 1991 ubi
2124 1924 2409 1991 differen-

667 2018 727 2083 di
770 2017 927 2082 ordo
966 2015 1232 2108 postulat
1269 2015 1510 2083 sensum
1546 2017 1951 2084 Emblematis
1988 2022 2400 2113 allegoricum

666 2116 900 2203 aperire
946 2161 966 2190 ,
1027 2136 1221 2202 quum
1280 2114 1399 2179 Vir
1442 2114 1641 2179 clarus
1677 2162 1697 2190 ,
1757 2133 1936 2202 atque
1976 2120 2255 2181 eruditus
2299 2121 2410 2182 Pe·-

669 2229 800 2274 trus
835 2206 1189 2276 Pollidorus
1230 2206 1705 2274 Eminentiffimi
1743 2208 2070 2275 Annibalis
2113 2208 2415 2279 Cardina-

674 2306 746 2370 lis
780 2302 1013 2371 Albani
1048 2308 1113 2370 S.
1141 2310 1223 2371 R.
1253 2309 1327 2369 E.
1375 2304 1723 2370 Camerarii
1755 2303 2030 2371 Auditor
2052 2352 2072 2384 ‚
2115 2309 2214 2373 cui
2256 2329 2413 2396 opus

2195 2404 2415 2467 Graeci

734 2520 796 2570 [ι]
827 2519 924 2559 Vide
943 2518 1096 2560 Livium
1114 2519 1161 2560 de
1177 2520 1344 2574 Templo
1369 2518 1517 2558 Veneris
1631 2520 1693 2569 [3]
1723 2516 1876 2568 Hymn.
1895 2517 1932 2557 in
1951 2520 2139 2557 Venerem
2164 2544 2174 2557 .
2206 2519 2251 2557 In
2274 2518 2412 2557 Colle·

681 2575 845 2626 Erycinae
874 2578 910 2614 in
941 2575 1142 2627 Capitolio
1168 2576 1240 2616 fito
1260 2602 1272 2615 .
1313 2576 1517 2616 Dec.111.
1574 2576 1695 2614 &ioue
1736 2574 1915 2612 Veterum
1949 2574 2152 2612 Poetarum
2187 2575 2416 2614 Graecorum

683 2631 771 2678 Lib.
790 2644 804 2669 1
819 2633 873 2669 11.
895 2632 998 2683 Cap.
1012 2643 1131 2672 xxm.
1577 2628 1719 2682 Jacobi
1749 2628 1868 2669 Leecii
1887 2655 1898 2667 .
1925 2629 2060 2671 Tomo
2076 2640 2112 2670 1.
2144 2641 2229 2682 pag.
2248 2639 2345 2679 434.
2378 2631 2415 2668 δε

742 2689 791 2725 Et
832 2689 922 2726 item
967 2684 1011 2724 de
1055 2688 1135 2728 alio
1176 2683 1324 2726 Veneris
1358 2685 1522 2737 Erycinae
1578 2685 1684 2737 seqq.

686 2741 857 2793 Templo
877 2744 929 2781 ad
944 2743 1094 2781 Portam
1110 2741 1299 2782 Collinam
1314 2765 1324 2778 ·
1340 2742 1438 2782 Dec.
1458 2755 1518 2782 ιν.
1632 2743 1692 2788 (4)
1725 2740 1876 2790 Hymn.
1909 2741 1950 2780 in
1966 2744 2151 2781 Venerem
2169 2766 2179 2779 .
2208 2738 2360 2779 Ibidem
2380 2738 2419 2778 in-

690 2795 781 2837 Lib.
795 2810 835 2836 x.
851 2798 951 2847 Cap.
968 2809 1062 2835 x1v.
1575 2794 1811 2835 Colleffione
1833 2796 1951 2834 Leffii
1973 2812 1982 2834 ;
2005 2809 2093 2850 pag.
2111 2801 2202 2844 514.

747 2858 807 2895 De
825 2853 963 2892 eodem
995 2853 1151 2892 Veneris
1168 2852 1340 2905 Erycinae
1357 2853 1526 2906 Templo
1639 2853 1702 2894 (5)
1734 2850 1879 2890 Videris
1895 2852 2073 2891 Nonium
2091 2849 2334 2889 Marcellum.
2356 2850 2417 2885 Dc,-

664 2918 669 2922 ·
692 2926 779 2952 ante
808 2919 956 2960 portam
974 2905 1172 2947 Collinam
1187 2933 1202 2951 ³
1233 2908 1406 2948 meminit
1423 2911 1528 2950 Stra·
1588 2903 1814 2956 Proprietate
1832 2906 2046 2946 Sermonum
2063 2932 2073 2943 .
2099 2906 2200 2956 Cap.
2217 2917 2255 2941 v.

694 2969 745 3008 bo
766 2994 779 3004 .
796 2963 882 3007 Lib.
899 2974 963 3000 v1.
985 2974 1179 3014 pagan.
1637 2966 1699 3009 (6)
1735 2960 1928 3014 Originum
1955 2989 1969 3003 .
2000 2960 2119 3005 Libro
2143 2969 2260 2998 v1110
2292 2956 2413 3009 Capi-2-

747 3022 809 3072 (a)
841 3016 1059 3059 carminum
1081 3043 1094 3059 0
1110 3020 1228 3061 Libro
1252 3030 1286 3060 1.
1308 3018 1395 3061 Ode
1415 3019 1472 3063 11.
1584 3030 1622 3058 te
1658 3028 1724 3061 251·
