2535 3862
265 299 303 343 C
321 305 355 346 A
373 301 419 343 P·
467 307 541 348 XV

206 352 274 395 De
309 359 442 401 Ba-:cfs
469 389 484 406 ,
521 364 593 403 five

208 411 396 452 flocculis
428 430 572 467 prapen

206 465 387 508 dentibus
403 470 450 509 ab
467 484 590 511 extre-

204 521 413 562 mitatibus
446 527 589 571 Pallae,

203 572 268 613 seu
288 578 384 620 veli,
405 592 485 631 quo
509 583 585 620 Ve-

201 641 271 667 nus
290 630 498 673 inGemma
514 636 586 674 ob-

202 684 359 728 ducitur
375 688 413 727 in
427 689 581 733 inferio·

200 738 234 778 εἰ
252 753 361 793 parte
376 768 390 787 ο

635 223 734 299 46·
1031 214 1929 279 Dissi-:RTA‘rxo

777 310 884 371 En
933 304 1099 367 enirn
1140 298 1183 365 fi
1224 301 1543 392 quidpiam
1582 304 1784 371 dicere
1832 307 2201 399 adgrederer
2247 310 2362 377 cle-³

634 309 752 496 S
803 400 973 465 Palla
1013 443 1034 474 ‚
1087 392 1212 459 five
1251 397 1616 465 indumento
1659 448 1679 479 ,
1742 422 1866 490 quo
1909 408 2124 470 Venus
2170 411 2369 497 operi-

634 524 779 573 tur,
823 493 1151 560 Lec‘storem
1193 494 1497 561 inutiliter
1533 496 1822 563 distinere
1866 498 2108 565 viderer
2146 528 2165 578 ;
2213 503 2366 567 nihil

631 598 855 687 quippe
896 613 1019 655 non
1058 588 1300 654 dictum
1326 637 1348 667 ,
1392 610 1575 681 atque
1610 592 1684 659 ab
1728 595 1860 659 aliis
1899 592 2228 687 diligenter
2261 595 2366 662 ob«

628 690 950 757 servatum
985 733 999 749 .
1050 685 1222 750 Illud
1258 703 1466 750 tamen
1516 691 1577 753 in
1620 689 1835 756 eadem
1877 694 2150 756 Gemma
2190 693 2364 755 mini-

622 812 724 853 me
771 779 1257 875 negligendum,
1295 783 1589 853 videlicet
1630 791 1897 864 BaccaS,
1933 783 2059 853 five
2103 787 2365 852 Floccu-

620 886 713 949 los
766 881 1036 948 indicare
1088 877 1167 942 ad
1213 897 1491 945 extrema
1541 907 1652 947 ora
1711 882 2064 947 indumenti
2131 880 2363 973 pendu-

616 980 755 1055 los,
794 998 981 1067 atque
1019 971 1267 1040 adsutos
1299 1023 1319 1052 ,
1371 979 1473 1065 qui
1522 979 1872 1042 maximum
1917 996 2364 1044 ornamentum

613 1077 786 1164 operi
823 1072 1164 1137 adiiciunt.
1214 1074 1409 1135 Porro
1451 1069 1492 1136 fi
1536 1070 1949 1139 Etruscorum
1994 1071 2361 1137 vestimenta

610 1161 879 1259 pretiosa
931 1167 1065 1256 quis
1120 1162 1452 1255 inspexerit
1507 1172 1568 1234 in
1617 1170 1870 1236 Etruria
1915 1170 2138 1259 Regali
2194 1165 2361 1257 apud

612 1265 941 1331 Thomam
991 1260 1483 1350 Dempsterum,
1551 1263 1616 1332 ὃ(
1671 1265 1946 1330 Corium
2009 1270 2067 1326 in
2127 1260 2357 1327 Museo

611 1357 921 1436 Etrusco,
966 1355 1274 1422 adsimiles
1314 1381 1566 1426 ornatus
1605 1358 1946 1425 identidem
1989 1354 2260 1422 offendet
2291 1360 2354 1422 in

608 1455 1010 1520 monimentis
1056 1452 1533 1546 insignioribus,
1575 1460 1674 1522 Ita
1714 1458 1891 1547 plane
1937 1458 1998 1517 in
2053 1453 2304 1542 picturis
2331 1499 2354 1529 ,

609 1570 792 1638 atque
827 1549 1157 1639 sculpturis
1195 1553 1569 1617 Graecorum
1593 1600 1612 1629 ,
1651 1548 1714 1617 ὅς
1754 1557 2189 1614 Romanorum
2226 1571 2349 1613 non

607 1667 951 1733 numquam
995 1664 1371 1709 occurrunt:
1411 1665 1685 1710 attamen
1727 1644 2068 1709 admodum
2112 1667 2249 1706 raro
2288 1647 2348 1707 in

610 1743 902 1805 Gemmis
945 1741 1167 1803 caelatis
1214 1787 1234 1816 ,
1291 1758 1477 1829 atque
1519 1741 1697 1805 editis
1737 1739 1800 1804 id
1846 1741 2193 1803 ornamenti
2244 1760 2347 1829 ge-

614 1859 730 1899 nus
765 1832 1095 1900 observare
1134 1837 1318 1913 licet3
1366 1832 1653 1912 fortasse,
1694 1833 1862 1923 quod
1902 1838 1960 1898 in
2005 1853 2133 1898 tam
2173 1836 2349 1898 mini-

607 1933 726 1994 mis
782 1928 1072 2019 operibus
1125 1976 1145 2006 ‚
1218 1934 1586 2020 plerumque
1647 1928 1879 2019 refugit
1935 1931 2347 2018 contemplari

609 2027 940 2089 oculorum
986 2027 1145 2089 acies
1178 2071 1198 2099 ,
1238 2023 1468 2088 nedum
1509 2026 1826 2116 adtingere
1856 2073 1869 2087 .
1904 2027 2117 2112 Quare
2158 2025 2350 2115 picto-

609 2143 703 2184 res
759 2118 973 2185 eadem
1019 2122 1272 2208 antiqua
1315 2124 1697 2184 monimenta
1745 2121 2115 2185 delineantes
2149 2169 2170 2197 ‚
2206 2144 2347 2185 raro

607 2217 796 2280 etiam
832 2215 1212 2289 advertunt,
1259 2214 1323 2282 ὃ(
1365 2214 1743 2304 sculptores,
1783 2219 1887 2304 qui
1925 2213 2088 2306 ipsos
2116 2265 2135 2293 ‚
2177 2218 2348 2282 velu-

608 2314 658 2373 ti
694 2309 865 2374 duffl
895 2309 1225 2374 Ariadnaeo
1261 2308 1366 2373 filo
1392 2357 1412 2384 ,
1446 2308 1898 2399 subsequuntur
1925 2360 1945 2388 ,
1993 2315 2096 2375 aeri
2137 2310 2345 2377 caestro

608 2406 943 2469 incidentes
982 2452 1004 2482 ,
1047 2407 1303 2468 omnino
1343 2424 1716 2494 praetereunt
1744 2456 1757 2470 .
1809 2410 2082 2471 Nullum
2138 2427 2345 2472 autem

607 2498 992 2586 mysterium
1053 2498 1267 2564 nostris
1326 2500 1689 2583 conjecturis
1754 2504 1813 2565 in
1880 2525 1954 2565 eo
2017 2501 2345 2591 deprehen-

609 2596 821 2662 dentes
864 2642 884 2671 ,
940 2592 1335 2660 solummodo
1390 2601 1816 2689 excogitatum
1875 2598 2208 2688 opinamur
2263 2597 2341 2663 ab

608 2687 1051 2758 vetustioribus
1087 2714 1157 2756 ea
1190 2689 1264 2755 de
1303 2689 1500 2757 caussa
1524 2742 1543 2770 ,
1586 2713 1653 2759 ut
1690 2691 2204 2760 vestimentorum
2243 2719 2343 2758 ex-

609 2788 951 2852 tremitates
976 2833 998 2862 ‚
1033 2811 1167 2877 quae
1201 2783 1378 2852 facile
1420 2788 1481 2851 in
1517 2808 1733 2855 acutos
1770 2791 2032 2882 angulos
2074 2789 2334 2865 abeunt,

607 2883 692 2948 ita
749 2884 1102 2949 excolerent
1151 2929 1174 2962 ,
1241 2881 1625 2952 honestarent
1666 2932 1687 2962 ,
1743 2910 1812 2951 ac
1867 2910 2017 2979 pene
2077 2887 2333 2952 demul-

2084 3003 2325 3058 cerent,
