2535 3862
589 256 673 298 vt
964 251 1005 292 A
1059 253 1095 291 D
1196 233 1245 293 L
1293 252 1325 290 E
1376 253 1412 294 c
1461 253 1502 293 T
1551 252 1593 293 o
1641 252 1685 292 R
1734 252 1766 291 E
1815 252 1865 293 M

582 326 643 386 in
688 321 1064 387 declarandis
1109 325 1530 386 Gemmarum
1575 320 1923 408 symboliS,
1963 319 2307 388 satisfecisse

580 416 971 491 blandimur,
1011 413 1169 477 illud
1211 411 1341 477 fore
1389 412 1701 479 censemus
1749 433 2000 506 gratum
2028 463 2048 491 ,
2089 436 2309 505 atque.-

578 527 902 599 acceptum
943 556 963 585 ,
1017 505 1081 573 ὃς
1131 509 1242 572 hac
1295 507 1656 600 tempestate
1714 504 1960 574 fortasse
2016 508 2312 575 defidera-

579 621 756 667 tum:
798 626 1017 691 nempe
1044 649 1064 678 ,
1107 603 1423 690 quomodo
1464 604 1540 667 ad
1583 601 1853 669 nostram
1895 621 2137 668 aetatem
2178 627 2314 692 pro-a

578 697 764 761 ducta
804 695 989 761 fuerit
1023 717 1122 760 ars
1166 698 1319 762 adeo
1358 701 1658 763 excellens
1703 702 2121 768 Gemmarum
2159 696 2309 762 scal-

579 791 912 880 pendarum
941 839 960 866 ,
1005 788 1375 883 investigasse
1416 840 1436 865 ,
1486 818 1554 856 ac
1601 795 1800 857 veluti
1848 788 2043 857 facem
2088 795 2302 856 ceteris·

578 885 981 975 imposterum
1030 883 1350 974 praetuliffe
1387 934 1401 949 .
1463 890 1848 973 Neutiquam
1894 910 2043 952 vero
2083 888 2310 951 miren-

580 1000 719 1055 tur,
753 982 853 1066 qui
896 977 1124 1046 nostras
1172 979 1630 1045 lucubrationes
1676 983 2023 1045 humaniter
2058 983 2258 1071 gratia
2288 1028 2309 1057 2

578 1073 642 1140 δε
693 1071 905 1138 favore
963 1071 1297 1165 dignantur
1334 1122 1356 1149 ‚
1410 1072 1456 1138 fi
1498 1074 1868 1141 Tractatum
1923 1074 1999 1139 de
2044 1077 2309 1140 Floreno

576 1189 766 1233 aureo
809 1169 1067 1255 antiquo
1121 1167 1422 1233 illustrato
1459 1216 1480 1245 ,
1520 1176 1648 1252 jam
1707 1188 1841 1232 ante
1894 1169 2004 1233 hac
2058 1166 2318 1259 promis-

576 1260 714 1327 sum
749 1308 770 1337 ‚
828 1284 1300 1353 nonnumquam
1341 1265 1600 1328 citatum
1649 1265 1993 1327 invenerint
2021 1311 2040 1339 ‚
2082 1289 2149 1327 ac
2191 1261 2314 1329 for-

574 1375 633 1422 te
681 1357 1001 1447 contingat
1035 1405 1055 1432 ‚
1113 1356 1393 1422 nondum
1454 1357 1734 1421 manibus
1784 1358 2107 1422 hominum
2154 1361 2311 1435 teri,

572 1451 724 1517 dum
772 1452 897 1515 haec
939 1452 1201 1541 publicis
1244 1453 1416 1541 typis
1462 1450 1852 1516 excuduntur
1897 1501 1911 1516 .
1963 1455 2100 1517 Nos
2143 1455 2311 1517 enim

569 1546 649 1612 ad
687 1570 840 1635 opus
887 1547 1131 1628 jamdiu
1186 1545 1541 1612 absolutum
1592 1546 1879 1610 Lectores
1936 1545 2307 1612 amandare.)

575 1643 909 1717 volumus',
949 1637 1014 1706 ὅ(
1052 1639 1178 1705 sola
1218 1639 1410 1706 modo
1450 1640 2075 1731 Typographorum,
2127 1660 2312 1732 atque

571 1757 836 1826 operum
861 1780 881 1809 ,
918 1731 1041 1799 five
1079 1736 1453 1826 negligentia
1497 1783 1516 1812 ,
1574 1733 1694 1803 five
1732 1734 1993 1825 torpedo
2031 1735 2307 1824 quaedam

575 1835 637 1895 in
684 1826 880 1894 caussa
918 1828 998 1897 est
1036 1878 1056 1905 ‚
1119 1833 1283 1918 quod
1327 1827 1600 1920 idipsum
1643 1830 1879 1894 tamdiu
1933 1830 2251 1897 delituerit
2287 1880 2306 1908 ,

573 1922 855 2016 pluribus
896 1923 969 1988 ab
1010 1925 1184 1988 heinc
1222 1926 1391 1988 annis
1435 1972 1456 2000 ,
1518 1924 1826 2015 potiffime
1890 1927 1948 1990 in
1990 1924 2305 1992 editione„

574 2014 928 2083 Meurfiana
964 2019 1217 2107 longam
1250 2040 1490 2082 moram
1527 2019 1902 2084 trahentium
1929 2069 1942 2083 .
1981 2020 2174 2109 Qod
2214 2046 2310 2085 re-

573 2115 816 2201 liquum
872 2113 934 2175 in
981 2112 1097 2176 hoc
1141 2135 1325 2201 opere
1384 2108 1625 2194 (felicis
1658 2161 1678 2190 ‚
1727 2110 2018 2202 faustique
2075 2115 2299 2179 ominis

571 2210 771 2302 gratia
807 2204 1051 2271 dietum
1092 2205 1263 2288 esto)
1309 2257 1329 2284 2
1389 2207 1493 2277 ubi
1538 2228 1749 2274 totum
1789 2206 2301 2298 perlustraverint

573 2305 674 2390 qui
720 2304 926 2392 legent
967 2348 987 2376 2
1044 2302 1194 2365 nihil
1233 2326 1525 2391 umquam
1570 2302 1967 2367 damnaturos
1996 2353 2016 2382 ,
2068 2329 2304 2393 neque)

571 2419 674 2460 eos
724 2415 1007 2484 putamus
1055 2393 1259 2484 legiffe
1305 2397 1767 2485 poenitendum.
1812 2402 2155 2486 Sane,quae
2201 2425 2305 2465 au-

570 2491 889 2555 &oritates
931 2537 950 2565 ,
1005 2514 1071 2553 ac
1126 2488 1475 2558 testimonia
1527 2495 1917 2581 Scriptorum
1978 2496 2242 2558 citantur
2281 2543 2300 2570 ³

573 2581 833 2676 persaepe
876 2584 949 2649 ad
987 2588 1349 2676 paginarum
1384 2590 1614 2652 calcem
1660 2589 1852 2652 relata
1902 2584 2038 2653 sunt
2075 2635 2094 2664 ,
2145 2589 2301 2655 indi-

576 2681 722 2744 catis
783 2677 858 2742 de
910 2702 1080 2742 more
1125 2680 1322 2745 Libris
1360 2730 1380 2759 ‚
1435 2680 1759 2773 Capitibus
1795 2731 1815 2759 ,
1875 2708 1944 2747 ac
1993 2685 2286 2774 pagini33

581 2776 728 2861 quin
771 2776 954 2837 etiam
995 2772 1361 2842 editionibus
1401 2801 1645 2868 quoque
1684 2804 1715 2843 a
1750 2777 1924 2843 nobis
1964 2780 2294 2871 diligenter

585 2869 917 2957 exploratis
956 2916 977 2946 ,
1021 2895 1089 2934 ac
1133 2869 1270 2936 vifis
1307 2898 1326 2950 3
1386 2896 1459 2937 ne
1503 2870 1662 2940 forte
1693 2922 1712 2951 ‚
1765 2885 1880 2958 (ut
1925 2899 2066 2941 cum
2106 2877 2295 2940 Athe·

2167 2995 2291 3036 nero
