2535 3862
632 227 729 297 96
1041 220 1940 281 DISSERTATIO'

262 312 383 352 CAP·
415 316 550 357 XXVI
632 331 762 386 ter,
799 310 1071 398 optimus
1102 305 1510 398 pretiosorum
1544 308 1821 398 lapidum
1854 314 2349 404 compaginator,‘

634 402 916 471 Andreas
957 421 1346 491 nuncupatus
1395 449 1410 467 .
1474 406 1743 492 Neapoli
1803 401 2017 469 iisdem
2055 407 2343 496 operibus

629 519 1025 587 gemmarum
1066 493 1532 586 scalpendarum
1572 501 1764 563 claret
1787 495 2070 562 Antonius
2095 499 2345 576 Piheler,

624 593 792 656 annis
825 590 1178 680 quindecim
1222 592 1468 679 circiter
1493 641 1513 669 ,
1553 611 1660 657 aut
1704 594 1932 682 viginti
1973 596 2209 684 optime
2253 617 2352 657 ex.

620 687 908 750 ercitatus
928 733 941 748 .
965 688 1086 752 His
1113 684 1556 753 adnumerandi
1585 685 1721 753 sunt
1744 685 2084 752 Laurentius
2103 682 2345 762 Natter,

619 778 686 847 ὃς
725 778 970 845 Marcus
1018 779 1307 867 Tufther,
1342 789 1604 867 juvenes
1647 783 2025 861 Alemanni,
2065 784 2340 875 egregii,

618 899 687 938 ac
740 873 919 940 valde
958 873 1300 965 praestantes
1325 925 1343 946 ,Α
1385 878 1624 944 Primus
1662 878 1904 966 Julian]
1944 879 2078 943 Titi
2123 875 2344 967 Vespa-

612 965 762 1035 fiani
798 1016 819 1046 ‚
880 967 945 1036 ὅ(
994 972 1245 1035 Marciae
1291 973 1582 1036 Furnillae
1638 969 1831 1035 filiam
1886 974 2123 1037 anulari
2174 992 2350 1064 gem-

614 1085 715 1126 ma
764 1060 1012 1152 sculpfit
1070 1063 1147 1128 ad
1188 1082 1420 1153 typum
1469 1068 1632 1130 illius
1668 1112 1687 1140 ‚
1742 1088 1873 1151 quae
1917 1069 2174 1131 maximi
2225 1087 2353 1130 mo-

613 1155 748 1220 duli
789 1153 874 1220 est
899 1203 919 1232 ,
963 1155 1028 1224 6<
1071 1159 1136 1221 vin
1185 1158 1585 1224 celeberrimo
1628 1158 1838 1224 Sanffi
1877 1157 2164 1249 Dionysii
2195 1160 2357 1226 The-

613 1246 798 1315 sauro
828 1248 1069 1316 Parifiis
1105 1249 1467 1318 adservatur
1500 1261 1646 1334 (1),
1688 1272 2106 1344 cognomento
2141 1274 2353 1318 autem

619 1337 732 1410 suo
767 1346 850 1409 ita
893 1342 1159 1438 signavit
1185 1394 1199 1410 .
1239 1370 1553 1419 NATTER
1585 1398 1599 1411 .
1649 1348 1838 1412 Alter
1884 1351 2221 1442 imaginem
2265 1345 2357 1412 sui

621 1436 804 1529 ipsius
842 1442 1086 1506 caelavit
1124 1445 1310 1507 Anno
1345 1464 1751 1509 Moccxxxm.
1806 1441 2215 1534 adposuitque
2255 1464 2361 1506 no-

623 1557 767 1598 men
802 1538 1013 1625 graecis
1051 1536 1500 1604 charaReribus
1539 1556 1857 1603 exaratum
1887 1554 2157 1602 MApKoz
2181 1585 2196 1600 .
2228 1541 2359 1602 Va·-

620 1629 708 1691 let
759 1627 922 1692 hisce
961 1632 1349 1719 temporibus
1386 1635 1448 1697 in
1490 1633 1706 1698 eodem
1746 1652 1968 1723 genere
2014 1626 2359 1722 scalpenda-

622 1744 769 1786 rum
804 1741 1201 1814 gemmarum
1226 1772 1247 1801 ,
1289 1724 1662 1809 Hieronymus
1709 1725 1862 1814 Rost
1893 1720 2187 1791 Etruscus
2221 1774 2241 1802 ,
2279 1725 2355 1791 de

623 1815 924 1882 Liburnio
949 1864 970 1893 ,
1012 1843 1082 1881 ac
1124 1838 1456 1908 propterea
1483 1820 1681 1885 <imus
1709 1868 1728 1897 ,
1752 1824 1804 1884 il
1832 1818 2144 1906 Livornesb
2166 1869 2179 1885 .
2220 1821 2356 1885 Flo·

622 1930 719 1974 ret
777 1913 929 1977 item
977 1911 1037 1974 in
1091 1911 1268 1984 Urbe
1311 1913 1694 1980 Godefridus
1735 1908 1992 1980 Graaftt
2031 1916 2150 1979 Vir
2185 1918 2360 1981 Han-

621 2002 886 2068 seaticus
928 2051 949 2080 ,
1014 2007 1117 2091 qui
1165 2003 1537 2074 difficultate
1584 2011 1850 2073 nominis
1908 2007 2358 2097 pronunciandi

623 2096 789 2188 apud
828 2120 936 2162 nos
966 2100 1163 2163 Italos
1190 2146 1210 2175 ,
1249 2103 1448 2193 vulgo
1489 2123 1884 2193 nuncupatur
1920 2104 1974 2165 il
2013 2100 2286 2192 Tedesco,
2327 2129 2359 2167 a

626 2195 873 2281 regione
898 2241 919 2269 ‚
967 2215 1087 2280 qua
1121 2199 1397 2260 Romam
1434 2200 1704 2285 perrexit
1739 2246 1762 2276 ‚
1801 2196 2360 2264 antonomasticum

627 2310 854 2352 nomen
914 2285 1173 2374 adeptus
1213 2335 1228 2350 .
1283 2291 1376 2354 Hi
1417 2314 1566 2354 vero
1619 2291 1758 2357 sunt
1810 2295 2123 2357 caelatores
2168 2296 2358 2360 Gem-

628 2403 924 2455 marum,
959 2400 1228 2467 quorum
1266 2403 1452 2469 opera
1490 2383 1666 2448 nobis
1715 2388 2078 2450 innotuere:
2118 2388 2359 2460 Omnes

632 2495 795 2540 certe
830 2470 1155 2565 ingeniosae
1191 2479 1335 2539 artis
1371 2480 1590 2570 peritia
1627 2474 1970 2568 sequuturae
2005 2483 2198 2546 aetatis
2237 2490 2377 2546 me-⁸

634 2571 901 2635 moriam
941 2588 1399 2656 promerente3‚
1435 2571 1499 2641 ὃ(
1541 2596 1690 2661 quos
1739 2571 1865 2637 sera
1912 2572 2224 2664 posteritas
2279 2573 2360 2642 fa-

638 2664 753 2727 cile
800 2662 973 2726 nobis
1026 2660 1352 2743 invideat3
1404 2691 1576 2758 pares
1630 2665 1882 2733 difficile
1935 2668 2296 2758 adsequatur
2343 2723 2360 2738 .

645 2762 844 2825 Erunt
891 2752 1133 2821 fortasse
1185 2759 1450 2827 aliorum
1502 2763 1688 2829 etiam
1740 2765 1988 2830 nomina
2047 2765 2168 2828 huc
2210 2763 2357 2830 refe‹

2153 2859 2359 2939 rende,

698 2981 760 3027 (ι)
789 2977 848 3018 De
866 2990 910 3019 ea
928 2980 1168 3020 meminimus
1195 2981 1335 3033 Capite
1350 2993 1394 3020 vx
1410 2993 1421 3020 x
1435 2996 1470 3021 z.
1490 2983 1595 3033 hujus
1614 2983 1923 3027 Dissertationiso
1948 2985 2045 3028 ntud
2062 2987 2163 3028 adire
2180 2990 2327 3040 potctk
2342 3017 2355 3032 0
