2535 3862
594 198 1470 260 GLYPTOGRAPHICA.
1810 214 1892 276 55

169 308 426 358 norant:
458 287 680 355 morbo
713 290 909 382 igitur
931 337 950 365 ,
998 308 1181 378 atque
1224 287 1583 380 aegritudine
1609 286 1902 378 praepedi-
1984 291 2103 333 CAP·
2137 291 2277 331 XVffl

170 406 264 450 tos
291 434 311 464 ‚
351 409 426 449 ne
464 381 684 450 frustra
731 384 1061 472 aliquando
1104 388 1443 475 poeniteret
1477 431 1498 460 ,
1541 386 1673 447 otio
1713 409 1781 447 ac
1811 388 1902 467 jo-

172 481 258 543 cis
310 481 570 547 minime
618 479 848 546 vacasse
868 529 893 561 ,
938 481 1130 544 vitam
1167 504 1308 545 cum
1352 480 1653 543 hilaritate
1692 475 1905 543 tranfi-

168 594 317 664 gere
385 574 784 641 consulebant
822 622 836 637 .
897 577 1120 663 Neque
1177 573 1338 640 illud
1397 573 1640 638 carebat
1692 576 1905 663 aliquo

172 696 343 735 vanae
387 669 789 759 Philosophiae
818 716 840 744 ,
899 666 964 734 ὅ(
1013 667 1326 732 mendacis
1372 691 1590 732 eorum
1632 666 1911 734 Theolo-

174 766 286 857 giae
335 763 681 852 mysterio:
737 766 923 828 multi
968 759 1273 852 fiquidem
1321 780 1497 827 erant
1544 785 1616 826 eo
1661 786 1912 828 errore.»

173 857 380 925 infecti
429 907 450 936 ,
506 874 645 949 quo·
676 857 1104 924 existimabant
1147 855 1434 923 eamdem
1473 860 1749 947 corporis
1775 904 1796 932 ,
1843 883 1910 922 ac

170 953 416 1044 spiritus
456 951 895 1021 resolutionem
938 952 1175 1020 cunftis
1215 955 1539 1019 imminere
1570 1000 1592 1029 ,
1637 950 1701 1019 ὅζ
1748 976 1912 1017 mor-

172 1068 305 1114 tem
343 1046 455 1114 effe
496 1053 882 1128 terminum,
921 1074 995 1115 ne
1040 1050 1193 1118 dum
1240 1051 1523 1115 humanae
1569 1049 1714 1112 vitae
1741 1095 1761 1123 ,
1810 1045 1912 1113 sed

168 1148 413 1212 Animae
461 1169 744 1234 quoque,
779 1170 1097 1237 perperam
1132 1194 1153 1224 ‚
1197 1170 1264 1210 ac
1314 1141 1663 1211 stultiffime
1701 1140 1916 1208 sentie-

167 1239 355 1306 bant.
403 1240 481 1306 Id
521 1260 649 1306 erat
698 1242 1048 1308 institutum
1090 1244 1408 1332 Epicureae
1456 1236 1628 1306 sec'tae
1658 1285 1678 1314 ,
1728 1261 1914 1326 quam

170 1333 489 1425 sequentes
533 1339 814 1427 plerique
844 1386 865 1415 ,
902 1337 1042 1402 ideo
1084 1335 1145 1402 se
1190 1355 1356 1402 totos
1401 1336 1464 1400 in
1503 1356 1718 1400 omnes
1759 1333 1915 1399 deli-

172 1433 292 1494 cias
316 1478 336 1506 ,
384 1427 449 1496 ὅ(
496 1434 848 1521 voluptates
886 1429 1316 1499 effundebant,
1358 1429 1608 1498 Testem
1645 1430 1921 1518 locuple-

171 1543 299 1590 tem
349 1526 527 1608 hujus
574 1530 660 1591 rei
699 1527 990 1592 habemus
1036 1532 1339 1592 Marcum
1377 1527 1709 1591 Valerium
1745 1529 1919 1588 Mar-

172 1622 381 1686 tialem
415 1667 435 1695 ,
488 1623 592 1709 qui
644 1621 720 1687 ad
757 1623 1012 1712 Julium
1050 1619 1313 1686 scribens
1355 1626 1458 1704 (Ι)
1498 1672 1519 1703 ,
1581 1640 1704 1682 non
1748 1620 1918 1683 alia..a

179 1711 463 1808 profecto
504 1719 582 1782 de
621 1715 816 1783 cauffa
858 1719 1095 1806 inquit:

267 1812 502 1876 Gaudia
538 1837 644 1877 non
684 1833 931 1877 remeant
954 1861 975 1890 ,
1000 1809 1405 1905 sbdfhgitiva
1445 1807 1656 1875 volant
1684 1857 1699 1870 .

172 1905 553 1996 Clauditque
613 1931 914 1998 perquam
973 1908 1174 1997 lepide
1232 1906 1579 1973 sermonem
1614 1951 1633 1980 ,
1679 1902 1916 1968 illum-2

175 1999 469 2067 instruens
497 2052 519 2080 ,
570 2005 766 2069 veluti
804 2026 877 2067 ex
918 2000 1207 2067 cathedra
1235 2050 1250 2065 .

270 2093 409 2160 Non
452 2100 521 2186 est
543 2145 564 2174 ,
604 2098 760 2161 crede
793 2097 938 2162 mihi
958 2143 979 2173 ,
1003 2095 1282 2184 fizpientis
1318 2092 1500 2158 dicere
1542 2095 1765 2156 vivam
1789 2138 1803 2155 .

274 2190 415 2255 Sera
451 2198 622 2257 nimis
658 2199 801 2262 vita
841 2188 930 2254 εὲἷ
949 2239 969 2268 ,
1005 2188 1250 2256 craflina
1285 2216 1299 2252 :
1339 2192 1501 2255 ‘vive
1542 2186 1704 2251 hodie
1746 2235 1761 2249 .

180 2290 281 2352 Ita
334 2291 565 2378 pariter
622 2292 682 2354 in
735 2289 1200 2380 Epigrammate
1258 2280 1532 2374 quodam
1584 2281 1663 2345 ad
1720 2278 1930 2348 Postu-

181 2405 363 2448 mum
403 2386 510 2465 (2)
546 2433 559 2447 ‚

281 2475 392 2543 Ille
416 2477 576 2566 stzpit
600 2526 620 2556 ,
659 2476 908 2570 quisquis
953 2476 1217 2544 Possmne
1245 2522 1268 2552 ,
1309 2477 1487 2541 ‘vixit
1533 2474 1659 2536 heri
1684 2520 1698 2534 .

187 2569 375 2638 Idem
412 2596 484 2637 ex
526 2575 657 2639 aliis
694 2577 847 2641 locis
885 2575 1127 2640 eruitur
1168 2579 1273 2652 (3)
1310 2568 1475 2660 apud
1518 2564 1717 2658 ipsum
1756 2571 1933 2632 Mar-

184 2668 397 2735 tialem
423 2717 436 2731 .
465 2668 584 2734 Sed
615 2670 1129 2750 Horatii‚Plauti
1151 2716 1174 2746 ‚
1193 2667 1511 2742 Lucretii,
1540 2664 1758 2741 Statii3
1785 2664 1930 2750 quin

1741 2777 1929 2823 etiam

246 2880 306 2925 (ι)
341 2878 1036 2932 EpIgtammatonAEiba,Epignxvh
1154 2875 1250 2917 Vive
1267 2878 1377 2916 velut
1394 2884 1528 2928 rapto,
1545 2872 1803 2926 fugitivaque
1829 2886 1929 2923 gau-

249 2938 311 2981 (z)
345 2935 434 2972 Lib.
449 2949 487 2973 v.
512 2933 706 2986 Epigram.
724 2945 816 2972 Lxx.
1306 2932 1374 2971 dia
1390 2944 1495 2982 carpe
1511 2955 1520 2966 .

253 2992 313 3039 (ς)
344 2986 461 3028 Libro
480 3000 547 3028 vu
560 3016 568 3027 .
585 2990 716 3042 Epigr.
734 2996 858 3029 xus.
1144 2987 1356 3029 Perdiderit
1374 2989 1523 3029 nullum
1538 2982 1622 3025 vita
1639 2982 1788 3038 reversa
1802 2982 1899 3024 aiem
1911 3008 1924 3022 ο
