<?xml version="1.0" encoding="UTF-8"?>
<!DOCTYPE html PUBLIC "-//W3C//DTD XHTML 1.0 Transitional//EN"
    "http://www.w3.org/TR/xhtml1/DTD/xhtml1-transitional.dtd">
<html xmlns="http://www.w3.org/1999/xhtml" xml:lang="en" lang="en">
 <head>
  <title>
</title>
<meta http-equiv="Content-Type" content="text/html;charset=utf-8" />
  <meta name='ocr-system' content='tesseract 3.04.00' />
  <meta name='ocr-capabilities' content='ocr_page ocr_carea ocr_par ocr_line ocrx_word'/>
</head>
<body>
  <div class='ocr_page' id='page_1' title='image "./veterisgemmaeadc01vett_0088.png"; bbox 0 0 2535 3862; ppageno 0'>
   <div class='ocr_carea' id='block_1_1' title="bbox 650 267 1953 339">
    <p class='ocr_par' dir='ltr' id='par_1_1' title="bbox 650 267 1953 339">
     <span class='ocr_line' id='line_1_1' title="bbox 650 267 1953 339; baseline 0.002 -20"><span class='ocrx_word' id='word_1_1' title='bbox 650 285 720 339; x_wconf 87' lang='lat'>42</span> <span class='ocrx_word' id='word_1_2' title='bbox 1023 267 1495 319; x_wconf 73' lang='lat' dir='ltr'>Nummus</span> <span class='ocrx_word' id='word_1_3' title='bbox 1580 269 1953 323; x_wconf 66' lang='lat' dir='ltr'>AEnssus</span> 
     </span>
    </p>
   </div>
   <div class='ocr_carea' id='block_1_2' title="bbox 273 357 2353 1014">
    <p class='ocr_par' dir='ltr' id='par_1_2' title="bbox 650 357 2353 927">
     <span class='ocr_line' id='line_1_2' title="bbox 650 357 2350 455; baseline 0.001 -27"><span class='ocrx_word' id='word_1_4' title='bbox 650 367 717 435; x_wconf 69' lang='grc' dir='ltr'>ὅ(</span> <span class='ocrx_word' id='word_1_5' title='bbox 760 357 1136 455; x_wconf 65' lang='lat' dir='ltr'>praestantem</span> <span class='ocrx_word' id='word_1_6' title='bbox 1181 363 1426 451; x_wconf 82' lang='lat' dir='ltr'>ingenio</span> <span class='ocrx_word' id='word_1_7' title='bbox 1463 364 1693 428; x_wconf 90' lang='lat' dir='ltr'>Virum</span> <span class='ocrx_word' id='word_1_8' title='bbox 1733 364 2022 429; x_wconf 82' lang='lat' dir='ltr'>Paullum</span> <span class='ocrx_word' id='word_1_9' title='bbox 2071 362 2350 430; x_wconf 80' lang='lat' dir='ltr'>Sabbati-</span> 
     </span>
     <span class='ocr_line' id='line_1_3' title="bbox 651 456 2349 532; baseline -0.001 -6"><span class='ocrx_word' id='word_1_10' title='bbox 651 464 828 526; x_wconf 85' lang='lat' dir='ltr'>nium</span> <span class='ocrx_word' id='word_1_11' title='bbox 880 456 1125 520; x_wconf 83' lang='lat' dir='ltr'>Bulielli</span> <span class='ocrx_word' id='word_1_12' title='bbox 1165 503 1187 532; x_wconf 88' lang='lat'>,</span> <span class='ocrx_word' id='word_1_13' title='bbox 1257 458 1464 520; x_wconf 81' lang='lat' dir='ltr'>Marci</span> <span class='ocrx_word' id='word_1_14' title='bbox 1513 461 1774 523; x_wconf 85' lang='lat' dir='ltr'>Antonii</span> <span class='ocrx_word' id='word_1_15' title='bbox 1838 456 2174 523; x_wconf 82' lang='lat' dir='ltr'>Sabbatinii</span> <span class='ocrx_word' id='word_1_16' title='bbox 2212 464 2349 524; x_wconf 82' lang='lat' dir='ltr'>Ma-</span> 
     </span>
     <span class='ocr_line' id='line_1_4' title="bbox 650 550 2350 647; baseline 0.001 -31"><span class='ocrx_word' id='word_1_17' title='bbox 650 556 758 647; x_wconf 85' lang='lat' dir='ltr'>gni</span> <span class='ocrx_word' id='word_1_18' title='bbox 802 551 1155 639; x_wconf 85' lang='lat' dir='ltr'>Antiquarii</span> <span class='ocrx_word' id='word_1_19' title='bbox 1190 550 1494 617; x_wconf 83' lang='lat' dir='ltr'>haeredem</span> <span class='ocrx_word' id='word_1_20' title='bbox 1552 576 1626 618; x_wconf 83' lang='lat' dir='ltr'>ex</span> <span class='ocrx_word' id='word_1_21' title='bbox 1671 550 1783 620; x_wconf 80' lang='lat' dir='ltr'>asse</span> <span class='ocrx_word' id='word_1_22' title='bbox 1812 603 1827 618; x_wconf 88' lang='lat'><strong>.</strong></span> <span class='ocrx_word' id='word_1_23' title='bbox 1868 554 2114 640; x_wconf 81' lang='lat' dir='ltr'>Qique</span> <span class='ocrx_word' id='word_1_24' title='bbox 2149 555 2350 618; x_wconf 89' lang='lat' dir='ltr'>Num-</span> 
     </span>
     <span class='ocr_line' id='line_1_5' title="bbox 652 642 2352 738; baseline -0.001 -24"><span class='ocrx_word' id='word_1_25' title='bbox 652 671 830 714; x_wconf 86' lang='lat' dir='ltr'>mum</span> <span class='ocrx_word' id='word_1_26' title='bbox 867 650 1017 712; x_wconf 89' lang='lat' dir='ltr'>item</span> <span class='ocrx_word' id='word_1_27' title='bbox 1051 694 1072 722; x_wconf 89' lang='lat'>‚</span> <span class='ocrx_word' id='word_1_28' title='bbox 1109 642 1174 713; x_wconf 70' lang='lat' dir='ltr'>&lt;Sc</span> <span class='ocrx_word' id='word_1_29' title='bbox 1207 643 1413 711; x_wconf 89' lang='lat' dir='ltr'>nostro</span> <span class='ocrx_word' id='word_1_30' title='bbox 1451 671 1661 738; x_wconf 82' lang='lat' dir='ltr'>parem</span> <span class='ocrx_word' id='word_1_31' title='bbox 1686 695 1707 726; x_wconf 86' lang='lat'>,</span> <span class='ocrx_word' id='word_1_32' title='bbox 1750 654 1918 733; x_wconf 82' lang='lat' dir='ltr'>cujus</span> <span class='ocrx_word' id='word_1_33' title='bbox 1946 649 2352 712; x_wconf 85' lang='lat' dir='ltr'>Commenta·-</span> 
     </span>
     <span class='ocr_line' id='line_1_6' title="bbox 653 736 2353 837; baseline -0.001 -30"><span class='ocrx_word' id='word_1_34' title='bbox 653 744 822 808; x_wconf 86' lang='lat' dir='ltr'>rium</span> <span class='ocrx_word' id='word_1_35' title='bbox 865 741 1235 807; x_wconf 82' lang='lat' dir='ltr'>adornamus</span> <span class='ocrx_word' id='word_1_36' title='bbox 1273 789 1294 818; x_wconf 89' lang='lat'>,</span> <span class='ocrx_word' id='word_1_37' title='bbox 1359 739 1425 811; x_wconf 72' lang='grc' dir='ltr'>ὅ(</span> <span class='ocrx_word' id='word_1_38' title='bbox 1470 747 1668 837; x_wconf 83' lang='lat' dir='ltr'>magis</span> <span class='ocrx_word' id='word_1_39' title='bbox 1713 743 1994 835; x_wconf 72' lang='lat' dir='ltr'>asperum</span> <span class='ocrx_word' id='word_1_40' title='bbox 2033 736 2353 807; x_wconf 83' lang='lat' dir='ltr'>conserva-</span> 
     </span>
     <span class='ocr_line' id='line_1_7' title="bbox 657 833 1254 927; baseline -0.003 -24"><span class='ocrx_word' id='word_1_41' title='bbox 657 857 913 927; x_wconf 77' lang='lat' dir='ltr'>tumque</span> <span class='ocrx_word' id='word_1_42' title='bbox 953 833 1254 926; x_wconf 86' lang='lat' dir='ltr'>poffidet.</span> 
     </span>
    </p>

    <p class='ocr_par' dir='ltr' id='par_1_3' title="bbox 273 972 567 1014">
     <span class='ocr_line' id='line_1_8' title="bbox 273 972 567 1014; baseline -0.014 0"><span class='ocrx_word' id='word_1_43' title='bbox 273 972 567 1014; x_wconf 61' lang='lat' dir='ltr'>car.xxxv</span> 
     </span>
    </p>
   </div>
   <div class='ocr_carea' id='block_1_3' title="bbox 231 1023 2364 2994">
    <p class='ocr_par' dir='ltr' id='par_1_4' title="bbox 231 1023 2360 1398">
     <span class='ocr_line' id='line_1_9' title="bbox 233 1023 2353 1175; baseline 0 -88"><span class='ocrx_word' id='word_1_44' title='bbox 233 1024 610 1122; x_wconf 46' lang='lat' dir='ltr'>gssgstfissffiggigffi</span> <span class='ocrx_word' id='word_1_45' title='bbox 658 1026 1096 1175; x_wconf 80' lang='lat' dir='ltr'>ALteram</span> <span class='ocrx_word' id='word_1_46' title='bbox 1153 1023 1409 1113; x_wconf 87' lang='lat' dir='ltr'>denique</span> <span class='ocrx_word' id='word_1_47' title='bbox 1466 1025 1772 1115; x_wconf 83' lang='lat' dir='ltr'>proferam</span> <span class='ocrx_word' id='word_1_48' title='bbox 1827 1050 1901 1092; x_wconf 83' lang='lat' dir='ltr'>ex</span> <span class='ocrx_word' id='word_1_49' title='bbox 1949 1023 2353 1113; x_wconf 87' lang='lat' dir='ltr'>Heliotropio</span> 
     </span>
     <span class='ocr_line' id='line_1_10' title="bbox 331 1113 2358 1212; baseline 0 -33"><span class='ocrx_word' id='word_1_50' title='bbox 331 1187 341 1196; x_wconf 49' lang='lat'>‚</span> <span class='ocrx_word' id='word_1_51' title='bbox 485 1189 495 1197; x_wconf 32' lang='lat'>⁵</span> <span class='ocrx_word' id='word_1_52' title='bbox 873 1115 1396 1184; x_wconf 80' lang='lat' dir='ltr'>semiexstantibus</span> <span class='ocrx_word' id='word_1_53' title='bbox 1434 1119 1619 1212; x_wconf 80' lang='lat' dir='ltr'>signis</span> <span class='ocrx_word' id='word_1_54' title='bbox 1654 1171 1674 1199; x_wconf 90' lang='lat'>‚</span> <span class='ocrx_word' id='word_1_55' title='bbox 1712 1126 1855 1187; x_wconf 92' lang='lat' dir='ltr'>licet</span> <span class='ocrx_word' id='word_1_56' title='bbox 1905 1121 2036 1184; x_wconf 86' lang='lat' dir='ltr'>aliis</span> <span class='ocrx_word' id='word_1_57' title='bbox 2072 1113 2358 1184; x_wconf 61' lang='lat' dir='ltr'>fortasse.)</span> 
     </span>
     <span class='ocr_line' id='line_1_11' title="bbox 231 1190 2360 1297; baseline -0.003 -17"><span class='ocrx_word' id='word_1_58' title='bbox 231 1200 368 1297; x_wconf 53' lang='lat' dir='ltr'>{iigffn</span> <span class='ocrx_word' id='word_1_59' title='bbox 402 1190 606 1231; x_wconf 61' lang='lat' dir='ltr'>H⁶¹¹⁰‘¹⁰&#39;</span> <span class='ocrx_word' id='word_1_60' title='bbox 651 1214 1059 1275; x_wconf 80' lang='lat' dir='ltr'>recentiorem</span> <span class='ocrx_word' id='word_1_61' title='bbox 1111 1261 1127 1276; x_wconf 87' lang='lat'><strong>.</strong></span> <span class='ocrx_word' id='word_1_62' title='bbox 1186 1218 1342 1281; x_wconf 85' lang='lat' dir='ltr'>Haec</span> <span class='ocrx_word' id='word_1_63' title='bbox 1389 1213 1806 1281; x_wconf 81' lang='lat' dir='ltr'>Beatiffimam</span> <span class='ocrx_word' id='word_1_64' title='bbox 1850 1215 2177 1297; x_wconf 86' lang='lat' dir='ltr'>Virginem</span> <span class='ocrx_word' id='word_1_65' title='bbox 2219 1215 2360 1275; x_wconf 84' lang='lat' dir='ltr'>Ma..</span> 
     </span>
     <span class='ocr_line' id='line_1_12' title="bbox 649 1302 2358 1398; baseline -0.001 -30"><span class='ocrx_word' id='word_1_66' title='bbox 649 1304 809 1368; x_wconf 83' lang='lat' dir='ltr'>riam</span> <span class='ocrx_word' id='word_1_67' title='bbox 853 1304 1244 1394; x_wconf 70' lang='lat' dir='ltr'>repraesentat</span> <span class='ocrx_word' id='word_1_68' title='bbox 1278 1312 1551 1375; x_wconf 84' lang='lat' dir='ltr'>Puerum</span> <span class='ocrx_word' id='word_1_69' title='bbox 1584 1308 1804 1398; x_wconf 90' lang='lat' dir='ltr'>Jesum</span> <span class='ocrx_word' id='word_1_70' title='bbox 1839 1310 1899 1371; x_wconf 89' lang='lat' dir='ltr'>in</span> <span class='ocrx_word' id='word_1_71' title='bbox 1938 1308 2094 1370; x_wconf 89' lang='lat' dir='ltr'>ulnis</span> <span class='ocrx_word' id='word_1_72' title='bbox 2127 1302 2358 1396; x_wconf 82' lang='lat' dir='ltr'>gestan-</span> 
     </span>
    </p>

    <p class='ocr_par' dir='ltr' id='par_1_5' title="bbox 649 1396 2357 1491">
     <span class='ocr_line' id='line_1_13' title="bbox 649 1396 2357 1491; baseline 0 -29"><span class='ocrx_word' id='word_1_73' title='bbox 649 1415 780 1462; x_wconf 88' lang='lat' dir='ltr'>tem</span> <span class='ocrx_word' id='word_1_74' title='bbox 809 1447 823 1461; x_wconf 92' lang='lat'><strong>.</strong></span> <span class='ocrx_word' id='word_1_75' title='bbox 867 1402 1150 1491; x_wconf 82' lang='lat' dir='ltr'>Virginis</span> <span class='ocrx_word' id='word_1_76' title='bbox 1193 1401 1467 1469; x_wconf 85' lang='lat' dir='ltr'>Nimbus</span> <span class='ocrx_word' id='word_1_77' title='bbox 1540 1401 1624 1467; x_wconf 83' lang='lat' dir='ltr'>est</span> <span class='ocrx_word' id='word_1_78' title='bbox 1664 1405 1917 1468; x_wconf 88' lang='lat' dir='ltr'>omnino</span> <span class='ocrx_word' id='word_1_79' title='bbox 1955 1396 2255 1489; x_wconf 74' lang='lat' dir='ltr'>simplex,</span> <span class='ocrx_word' id='word_1_80' title='bbox 2294 1416 2357 1463; x_wconf 87' lang='lat' dir='ltr'>at</span> 
     </span>
    </p>

    <p class='ocr_par' dir='ltr' id='par_1_6' title="bbox 647 1491 2359 1679">
     <span class='ocr_line' id='line_1_14' title="bbox 648 1491 2356 1588; baseline -0.001 -31"><span class='ocrx_word' id='word_1_81' title='bbox 648 1491 922 1559; x_wconf 88' lang='lat' dir='ltr'>Nimbus</span> <span class='ocrx_word' id='word_1_82' title='bbox 966 1497 1147 1559; x_wconf 84' lang='lat' dir='ltr'>Pueri</span> <span class='ocrx_word' id='word_1_83' title='bbox 1202 1499 1409 1561; x_wconf 82' lang='lat' dir='ltr'>Cruce</span> <span class='ocrx_word' id='word_1_84' title='bbox 1459 1494 1857 1588; x_wconf 83' lang='lat' dir='ltr'>distinguitur</span> <span class='ocrx_word' id='word_1_85' title='bbox 1895 1543 1910 1558; x_wconf 90' lang='lat'><strong>.</strong></span> <span class='ocrx_word' id='word_1_86' title='bbox 1956 1496 2164 1584; x_wconf 82' lang='lat' dir='ltr'>Virgo</span> <span class='ocrx_word' id='word_1_87' title='bbox 2209 1495 2356 1557; x_wconf 89' lang='lat' dir='ltr'>velo</span> 
     </span>
     <span class='ocr_line' id='line_1_15' title="bbox 647 1582 2359 1679; baseline -0.001 -29"><span class='ocrx_word' id='word_1_88' title='bbox 647 1582 1039 1675; x_wconf 81' lang='lat' dir='ltr'>superinduta</span> <span class='ocrx_word' id='word_1_89' title='bbox 1075 1585 1200 1663; x_wconf 86' lang='lat' dir='ltr'>est,</span> <span class='ocrx_word' id='word_1_90' title='bbox 1235 1591 1298 1651; x_wconf 89' lang='lat' dir='ltr'>in</span> <span class='ocrx_word' id='word_1_91' title='bbox 1335 1613 1460 1678; x_wconf 88' lang='lat' dir='ltr'>quo</span> <span class='ocrx_word' id='word_1_92' title='bbox 1496 1587 1679 1679; x_wconf 82' lang='lat' dir='ltr'>supra</span> <span class='ocrx_word' id='word_1_93' title='bbox 1711 1588 2027 1663; x_wconf 84' lang='lat' dir='ltr'>frontem,</span> <span class='ocrx_word' id='word_1_94' title='bbox 2060 1611 2130 1652; x_wconf 84' lang='lat' dir='ltr'>ac</span> <span class='ocrx_word' id='word_1_95' title='bbox 2153 1585 2359 1651; x_wconf 85' lang='lat' dir='ltr'>dexte-</span> 
     </span>
    </p>

    <p class='ocr_par' dir='ltr' id='par_1_7' title="bbox 648 1678 2360 1774">
     <span class='ocr_line' id='line_1_16' title="bbox 648 1678 2360 1774; baseline 0 -30"><span class='ocrx_word' id='word_1_96' title='bbox 648 1703 792 1744; x_wconf 85' lang='lat' dir='ltr'>rum</span> <span class='ocrx_word' id='word_1_97' title='bbox 846 1681 1175 1746; x_wconf 85' lang='lat' dir='ltr'>humerum</span> <span class='ocrx_word' id='word_1_98' title='bbox 1215 1686 1392 1749; x_wconf 79' lang='lat' dir='ltr'>Crux</span> <span class='ocrx_word' id='word_1_99' title='bbox 1449 1682 1859 1774; x_wconf 82' lang='lat' dir='ltr'>conspicitur.</span> <span class='ocrx_word' id='word_1_100' title='bbox 1906 1678 2150 1749; x_wconf 86' lang='lat' dir='ltr'>Videfis</span> <span class='ocrx_word' id='word_1_101' title='bbox 2193 1686 2360 1748; x_wconf 87' lang='lat' dir='ltr'>Can-</span> 
     </span>
    </p>

    <p class='ocr_par' dir='ltr' id='par_1_8' title="bbox 650 1776 2358 2053">
     <span class='ocr_line' id='line_1_17' title="bbox 650 1776 2356 1866; baseline 0.001 -29"><span class='ocrx_word' id='word_1_102' title='bbox 650 1776 830 1865; x_wconf 84' lang='lat' dir='ltr'>gium</span> <span class='ocrx_word' id='word_1_103' title='bbox 879 1780 983 1861; x_wconf 83' lang='lat'>(1)</span> <span class='ocrx_word' id='word_1_104' title='bbox 1039 1779 1101 1839; x_wconf 93' lang='lat' dir='ltr'>in</span> <span class='ocrx_word' id='word_1_105' title='bbox 1143 1778 1453 1842; x_wconf 77' lang='lat' dir='ltr'>Michaele</span> <span class='ocrx_word' id='word_1_106' title='bbox 1511 1784 1687 1843; x_wconf 80' lang='lat' dir='ltr'>Duca</span> <span class='ocrx_word' id='word_1_107' title='bbox 1719 1827 1740 1856; x_wconf 89' lang='lat'>,</span> <span class='ocrx_word' id='word_1_108' title='bbox 1801 1776 1906 1843; x_wconf 87' lang='lat' dir='ltr'>seu</span> <span class='ocrx_word' id='word_1_109' title='bbox 1944 1778 2356 1866; x_wconf 78' lang='lat' dir='ltr'>Parapinace·.</span> 
     </span>
     <span class='ocr_line' id='line_1_18' title="bbox 653 1867 2357 1962; baseline 0.002 -31"><span class='ocrx_word' id='word_1_110' title='bbox 653 1867 983 1935; x_wconf 86' lang='lat' dir='ltr'>Admovet</span> <span class='ocrx_word' id='word_1_111' title='bbox 1039 1869 1356 1935; x_wconf 72' lang='lat' dir='ltr'>dexteram</span> <span class='ocrx_word' id='word_1_112' title='bbox 1413 1897 1669 1937; x_wconf 78' lang='lat' dir='ltr'>manum</span> <span class='ocrx_word' id='word_1_113' title='bbox 1733 1872 1810 1937; x_wconf 83' lang='lat' dir='ltr'>ad</span> <span class='ocrx_word' id='word_1_114' title='bbox 1865 1871 2081 1962; x_wconf 51' lang='lat' dir='ltr'>perf-tus</span> <span class='ocrx_word' id='word_1_115' title='bbox 2124 1917 2145 1946; x_wconf 87' lang='lat'><strong>,</strong></span> <span class='ocrx_word' id='word_1_116' title='bbox 2202 1872 2357 1935; x_wconf 86' lang='lat' dir='ltr'>laeva</span> 
     </span>
     <span class='ocr_line' id='line_1_19' title="bbox 653 1961 2358 2053; baseline 0.001 -28"><span class='ocrx_word' id='word_1_117' title='bbox 653 1964 926 2053; x_wconf 89' lang='lat' dir='ltr'>Puerum</span> <span class='ocrx_word' id='word_1_118' title='bbox 959 1961 1183 2053; x_wconf 88' lang='lat' dir='ltr'>Jesum</span> <span class='ocrx_word' id='word_1_119' title='bbox 1229 1962 1540 2031; x_wconf 86' lang='lat' dir='ltr'>sedentem</span> <span class='ocrx_word' id='word_1_120' title='bbox 1598 1965 1887 2031; x_wconf 83' lang='lat' dir='ltr'>sustinet.</span> <span class='ocrx_word' id='word_1_121' title='bbox 1932 1963 2212 2033; x_wconf 88' lang='lat' dir='ltr'>Christus</span> <span class='ocrx_word' id='word_1_122' title='bbox 2259 1987 2358 2030; x_wconf 87' lang='lat' dir='ltr'>ve-</span> 
     </span>
    </p>

    <p class='ocr_par' dir='ltr' id='par_1_9' title="bbox 653 2056 2362 2337">
     <span class='ocr_line' id='line_1_20' title="bbox 653 2056 2358 2135; baseline 0.001 -16"><span class='ocrx_word' id='word_1_123' title='bbox 653 2078 728 2119; x_wconf 83' lang='lat' dir='ltr'>ro</span> <span class='ocrx_word' id='word_1_124' title='bbox 772 2058 980 2121; x_wconf 83' lang='lat' dir='ltr'>tunica</span> <span class='ocrx_word' id='word_1_125' title='bbox 1035 2056 1286 2123; x_wconf 87' lang='lat' dir='ltr'>indutus</span> <span class='ocrx_word' id='word_1_126' title='bbox 1314 2105 1335 2135; x_wconf 85' lang='lat'><strong>,</strong></span> <span class='ocrx_word' id='word_1_127' title='bbox 1389 2059 1645 2126; x_wconf 81' lang='lat' dir='ltr'>dextera</span> <span class='ocrx_word' id='word_1_128' title='bbox 1690 2060 2184 2126; x_wconf 57' lang='lat' dir='ltr'>benedictionem</span> <span class='ocrx_word' id='word_1_129' title='bbox 2232 2080 2358 2122; x_wconf 91' lang='lat' dir='ltr'>non</span> 
     </span>
     <span class='ocr_line' id='line_1_21' title="bbox 656 2148 2359 2245; baseline 0.002 -31"><span class='ocrx_word' id='word_1_130' title='bbox 656 2153 1023 2217; x_wconf 81' lang='lat' dir='ltr'>Graecanico</span> <span class='ocrx_word' id='word_1_131' title='bbox 1070 2154 1193 2218; x_wconf 90' lang='lat' dir='ltr'>ritu</span> <span class='ocrx_word' id='word_1_132' title='bbox 1218 2200 1239 2229; x_wconf 87' lang='lat'>‚</span> <span class='ocrx_word' id='word_1_133' title='bbox 1285 2148 1388 2217; x_wconf 89' lang='lat' dir='ltr'>sed</span> <span class='ocrx_word' id='word_1_134' title='bbox 1418 2157 1641 2220; x_wconf 85' lang='lat' dir='ltr'>Latino</span> <span class='ocrx_word' id='word_1_135' title='bbox 1684 2157 2077 2245; x_wconf 86' lang='lat' dir='ltr'>impertitur,</span> <span class='ocrx_word' id='word_1_136' title='bbox 2126 2150 2359 2217; x_wconf 82' lang='lat' dir='ltr'>finistra</span> 
     </span>
     <span class='ocr_line' id='line_1_22' title="bbox 654 2246 2362 2337; baseline 0.002 -28"><span class='ocrx_word' id='word_1_137' title='bbox 654 2246 955 2309; x_wconf 86' lang='lat' dir='ltr'>volumen</span> <span class='ocrx_word' id='word_1_138' title='bbox 1003 2249 1167 2337; x_wconf 84' lang='lat' dir='ltr'>gerit</span> <span class='ocrx_word' id='word_1_139' title='bbox 1212 2293 1226 2307; x_wconf 92' lang='lat'>.</span> <span class='ocrx_word' id='word_1_140' title='bbox 1270 2250 1467 2334; x_wconf 83' lang='lat' dir='ltr'>Super</span> <span class='ocrx_word' id='word_1_141' title='bbox 1509 2247 1741 2313; x_wconf 84' lang='lat' dir='ltr'>Christi</span> <span class='ocrx_word' id='word_1_142' title='bbox 1786 2270 1970 2337; x_wconf 82' lang='lat' dir='ltr'>caput</span> <span class='ocrx_word' id='word_1_143' title='bbox 2026 2265 2362 2313; x_wconf 64' lang='lat' dir='ltr'>notatum-2</span> 
     </span>
    </p>

    <p class='ocr_par' dir='ltr' id='par_1_10' title="bbox 655 2334 2364 2432">
     <span class='ocr_line' id='line_1_23' title="bbox 655 2334 2364 2432; baseline 0.001 -30"><span class='ocrx_word' id='word_1_144' title='bbox 655 2334 742 2402; x_wconf 87' lang='lat' dir='ltr'>est</span> <span class='ocrx_word' id='word_1_145' title='bbox 776 2338 967 2402; x_wconf 88' lang='lat' dir='ltr'>literis</span> <span class='ocrx_word' id='word_1_146' title='bbox 995 2341 1211 2430; x_wconf 85' lang='lat' dir='ltr'>graecis</span> <span class='ocrx_word' id='word_1_147' title='bbox 1252 2345 1864 2432; x_wconf 80' lang='lat' dir='ltr'>monogrammaticis</span> <span class='ocrx_word' id='word_1_148' title='bbox 1901 2343 1974 2403; x_wconf 75' lang='grc' dir='ltr'><strong>ῖὲ</strong></span> <span class='ocrx_word' id='word_1_149' title='bbox 2025 2343 2138 2416; x_wconf 68' lang='grc' dir='ltr'>ῖς,</span> <span class='ocrx_word' id='word_1_150' title='bbox 2181 2358 2251 2404; x_wconf 92' lang='lat' dir='ltr'>ut</span> <span class='ocrx_word' id='word_1_151' title='bbox 2275 2343 2364 2405; x_wconf 90' lang='lat' dir='ltr'>vi-</span> 
     </span>
    </p>

    <p class='ocr_par' dir='ltr' id='par_1_11' title="bbox 656 2430 2359 2526">
     <span class='ocr_line' id='line_1_24' title="bbox 656 2430 2359 2526; baseline 0.001 -30"><span class='ocrx_word' id='word_1_152' title='bbox 656 2430 858 2496; x_wconf 89' lang='lat' dir='ltr'>dimus</span> <span class='ocrx_word' id='word_1_153' title='bbox 910 2434 972 2495; x_wconf 92' lang='lat' dir='ltr'>in</span> <span class='ocrx_word' id='word_1_154' title='bbox 1015 2434 1324 2499; x_wconf 81' lang='lat' dir='ltr'>Carneola</span> <span class='ocrx_word' id='word_1_155' title='bbox 1381 2437 1640 2523; x_wconf 83' lang='lat' dir='ltr'>antiquae</span> <span class='ocrx_word' id='word_1_156' title='bbox 1680 2433 2052 2526; x_wconf 83' lang='lat' dir='ltr'>sculpturae3</span> <span class='ocrx_word' id='word_1_157' title='bbox 2118 2436 2359 2505; x_wconf 88' lang='lat' dir='ltr'>Utrim-</span> 
     </span>
    </p>

    <p class='ocr_par' dir='ltr' id='par_1_12' title="bbox 655 2524 2360 2619">
     <span class='ocr_line' id='line_1_25' title="bbox 655 2524 2360 2619; baseline 0.003 -30"><span class='ocrx_word' id='word_1_158' title='bbox 655 2548 774 2615; x_wconf 84' lang='lat' dir='ltr'>que</span> <span class='ocrx_word' id='word_1_159' title='bbox 815 2524 1104 2591; x_wconf 86' lang='lat' dir='ltr'>adversus</span> <span class='ocrx_word' id='word_1_160' title='bbox 1137 2525 1539 2593; x_wconf 85' lang='lat' dir='ltr'>Nestorianos</span> <span class='ocrx_word' id='word_1_161' title='bbox 1584 2532 1775 2595; x_wconf 85' lang='lat' dir='ltr'>literis</span> <span class='ocrx_word' id='word_1_162' title='bbox 1818 2532 2046 2619; x_wconf 74' lang='lat' dir='ltr'>pariter</span> <span class='ocrx_word' id='word_1_163' title='bbox 2068 2551 2360 2618; x_wconf 87' lang='lat' dir='ltr'>compen-</span> 
     </span>
    </p>

    <p class='ocr_par' dir='ltr' id='par_1_13' title="bbox 659 2618 2359 2808">
     <span class='ocr_line' id='line_1_26' title="bbox 659 2618 2359 2713; baseline 0.002 -29"><span class='ocrx_word' id='word_1_164' title='bbox 659 2619 866 2684; x_wconf 77' lang='lat' dir='ltr'>diariis</span> <span class='ocrx_word' id='word_1_165' title='bbox 908 2618 1117 2686; x_wconf 79' lang='lat' dir='ltr'>Maser</span> <span class='ocrx_word' id='word_1_166' title='bbox 1153 2622 1315 2697; x_wconf 76' lang='lat' dir='ltr'>Dei,</span> <span class='ocrx_word' id='word_1_167' title='bbox 1363 2646 1579 2713; x_wconf 84' lang='lat' dir='ltr'>nempe</span> <span class='ocrx_word' id='word_1_168' title='bbox 1622 2647 1694 2688; x_wconf 80' lang='lat' dir='ltr'>ex</span> <span class='ocrx_word' id='word_1_169' title='bbox 1735 2642 1908 2713; x_wconf 81' lang='lat' dir='ltr'>parte</span> <span class='ocrx_word' id='word_1_170' title='bbox 1954 2673 1975 2701; x_wconf 85' lang='lat'>‚</span> <span class='ocrx_word' id='word_1_171' title='bbox 2033 2620 2130 2687; x_wconf 88' lang='lat' dir='ltr'>seu</span> <span class='ocrx_word' id='word_1_172' title='bbox 2171 2626 2359 2688; x_wconf 79' lang='lat' dir='ltr'>latere</span> 
     </span>
     <span class='ocr_line' id='line_1_27' title="bbox 659 2711 2354 2808; baseline 0.001 -28"><span class='ocrx_word' id='word_1_173' title='bbox 659 2717 942 2807; x_wconf 84' lang='lat' dir='ltr'>Virginis</span> <span class='ocrx_word' id='word_1_174' title='bbox 982 2711 1093 2784; x_wconf 60' lang='lat' dir='ltr'>ff?</span> <span class='ocrx_word' id='word_1_175' title='bbox 1117 2765 1131 2782; x_wconf 91' lang='lat'><strong>.</strong></span> <span class='ocrx_word' id='word_1_176' title='bbox 1173 2741 1292 2805; x_wconf 77' lang='lat' dir='ltr'>qua</span> <span class='ocrx_word' id='word_1_177' title='bbox 1331 2721 1489 2783; x_wconf 77' lang='lat' dir='ltr'>Puer</span> <span class='ocrx_word' id='word_1_178' title='bbox 1512 2717 1690 2808; x_wconf 88' lang='lat' dir='ltr'>Jesus</span> <span class='ocrx_word' id='word_1_179' title='bbox 1723 2716 1858 2793; x_wconf 56' lang='grc' dir='ltr'>(ἶῨῨ.</span> <span class='ocrx_word' id='word_1_180' title='bbox 1889 2718 2028 2804; x_wconf 13' lang='lat' dir='ltr'>‘Adi</span> <span class='ocrx_word' id='word_1_181' title='bbox 2058 2721 2354 2807; x_wconf 78' lang='lat' dir='ltr'>Explana-</span> 
     </span>
    </p>

    <p class='ocr_par' dir='ltr' id='par_1_14' title="bbox 662 2808 2358 2994">
     <span class='ocr_line' id='line_1_28' title="bbox 662 2808 2358 2881; baseline 0.001 -7"><span class='ocrx_word' id='word_1_182' title='bbox 662 2810 896 2876; x_wconf 87' lang='lat' dir='ltr'>tionem</span> <span class='ocrx_word' id='word_1_183' title='bbox 937 2815 1177 2877; x_wconf 90' lang='lat' dir='ltr'>Veteris</span> <span class='ocrx_word' id='word_1_184' title='bbox 1203 2817 1486 2878; x_wconf 83' lang='lat' dir='ltr'>Gemmae</span> <span class='ocrx_word' id='word_1_185' title='bbox 1525 2813 1600 2880; x_wconf 83' lang='lat' dir='ltr'>ad</span> <span class='ocrx_word' id='word_1_186' title='bbox 1651 2812 2069 2881; x_wconf 82' lang='lat' dir='ltr'>Christianum</span> <span class='ocrx_word' id='word_1_187' title='bbox 2128 2808 2358 2876; x_wconf 71' lang='lat' dir='ltr'>usum-,</span> 
     </span>
     <span class='ocr_line' id='line_1_29' title="bbox 2040 2902 2358 2994; baseline -0.013 -22"><span class='ocrx_word' id='word_1_188' title='bbox 2040 2902 2358 2994; x_wconf 79' lang='lat' dir='ltr'>exscalptae</span> 
     </span>
    </p>
   </div>
   <div class='ocr_carea' id='block_1_4' title="bbox 235 1133 611 1184">
    <p class='ocr_par' dir='ltr' id='par_1_15' title="bbox 235 1133 611 1184">
     <span class='ocr_line' id='line_1_30' title="bbox 235 1133 611 1184; baseline -0.008 -11"><span class='ocrx_word' id='word_1_189' title='bbox 235 1135 318 1184; x_wconf 77' lang='lat' dir='ltr'>pari</span> <span class='ocrx_word' id='word_1_190' title='bbox 337 1135 490 1174; x_wconf 83' lang='lat' dir='ltr'>Nimbo</span> <span class='ocrx_word' id='word_1_191' title='bbox 520 1133 611 1173; x_wconf 74' lang='lat' dir='ltr'>scal-</span> 
     </span>
    </p>
   </div>
   <div class='ocr_carea' id='block_1_5' title="bbox 724 3047 1430 3103">
    <p class='ocr_par' dir='ltr' id='par_1_16' title="bbox 724 3047 1430 3103">
     <span class='ocr_line' id='line_1_31' title="bbox 724 3047 1430 3103; baseline -0.003 -12"><span class='ocrx_word' id='word_1_192' title='bbox 724 3047 786 3100; x_wconf 73' lang='lat'>[3]</span> <span class='ocrx_word' id='word_1_193' title='bbox 815 3047 860 3090; x_wconf 85' lang='lat' dir='ltr'>In</span> <span class='ocrx_word' id='word_1_194' title='bbox 878 3047 1044 3090; x_wconf 65' lang='lat' dir='ltr'>faminis</span> <span class='ocrx_word' id='word_1_195' title='bbox 1062 3049 1230 3102; x_wconf 84' lang='lat' dir='ltr'>Byzant.</span> <span class='ocrx_word' id='word_1_196' title='bbox 1247 3054 1430 3103; x_wconf 83' lang='lat' dir='ltr'>pag.163.</span> 
     </span>
    </p>
   </div>
  </div>
 </body>
</html>
