2535 3862
598 248 1458 305 ExpchTusPAnsl.
1803 260 1871 316 41

190 369 497 439 tamquam
535 369 742 412 recens
785 372 817 411 a
851 349 1219 438 puerperio)
1256 348 1330 415 ab
1371 364 1582 426 utero,
1622 372 1691 414 ac
1722 349 1883 414 lum-

184 449 271 513 bis
318 443 394 509 ad
427 440 608 532 pedes
644 439 1007 518 constrff'w,
1041 461 1109 507 ut
1146 444 1287 507 Filii
1334 444 1455 508 Dei
1496 445 1883 509 Incarnatio-

178 543 266 605 nis
312 535 679 627 mysterium
726 533 1071 600 Infidelibus
1130 536 1242 598 hac
1300 533 1501 599 forma
1554 536 1885 604 absconde·-

179 640 518 717 retur-(1).
551 632 874 694 Nimirum
903 675 924 704 ,
969 625 1136 716 quod
1168 631 1253 692 ita
1275 629 1511 719 pi6tum
1534 678 1556 707 ,
1599 636 1702 697 vel
1729 631 1886 698 scul-

179 747 357 818 ptum
416 725 692 814 Virginis
749 724 968 786 Mariae
1022 740 1269 812 partum
1330 720 1667 812 specstantes
1704 773 1725 803 ,
1783 750 1885 790 neu

177 845 296 909 que
351 819 758 908 intelligentes
815 839 969 906 opus
1023 819 1283 906 Spiritus
1356 817 1562 883 saneti
1603 866 1624 895 ,
1691 845 1723 883 a
1788 822 1886 884 Fi·-

174 914 273 978 dei
334 912 743 978 Sacramentis
809 913 1011 975 minus
1071 909 1465 976 abhorrerent
1524 960 1539 974 .
1592 914 1728 978 Alii
1779 936 1885 978 ve-

169 1030 241 1072 ro
282 1025 502 1095 putant
544 1006 932 1092 Hieronymi
993 1003 1336 1070 testimonio
1384 1004 1675 1070 adversus
1718 1009 1885 1076 Hel-

169 1099 413 1165 vidium
484 1099 645 1163 hunc
712 1121 954 1162 morem
1026 1102 1112 1163 ita
1174 1099 1572 1191 depingendae
1646 1100 1881 1167 Christi

173 1195 545 1259 Nativitatis
622 1216 696 1256 ex
762 1191 983 1257 Libris·
1018 1196 1421 1284 Apocryphis
1490 1194 1828 1261 emanasse-2
1855 1244 1871 1260 .

153 1285 387 1377 Joseph
434 1283 597 1370 sedet
641 1289 964 1373 cogitantis
1012 1288 1225 1353 habitu
1270 1335 1290 1363 ‚
1351 1290 1580 1354 scilicet
1635 1291 1881 1355 altera..

167 1405 355 1446 manu
395 1400 607 1445 mento
646 1378 950 1469 subpofita
993 1387 1096 1464 (2)
1139 1430 1158 1458 ,
1196 1384 1386 1446 altera
1428 1405 1580 1451 vero
1616 1387 1880 1473 pallium

167 1476 441 1566 relegens
481 1520 502 1548 ,
561 1495 687 1561 quo
732 1477 1232 1539 circumvolutus
1273 1475 1357 1539 est
1401 1474 1579 1566 supra
1627 1496 1837 1566 togam
1864 1527 1878 1541 .

167 1573 342 1647 Luna
374 1567 570 1632 noctis
612 1585 815 1655 typus
850 1565 1225 1657 conspicitur
1269 1615 1289 1643 ,
1358 1593 1489 1656 quae
1533 1570 1880 1636 venerabili

165 1660 468 1750 mysterio
529 1662 1066 1751 complementum
1129 1659 1306 1727 dedit
1343 1710 1364 1738 ,
1428 1662 1581 1729 dum
1647 1666 1709 1727 in
1768 1663 1879 1729 suo

168 1754 350 1821 cursu
391 1755 670 1820 medium
710 1758 827 1820 iter
865 1775 1226 1849 perageret,
1271 1755 1333 1823 ὃς
1375 1760 1570 1823 Stella
1606 1761 1883 1823 crinita-2

167 1856 507 1943 Magorum
553 1848 903 1916 adorationi
941 1855 1213 1943 praevia,
1265 1850 1494 1917 Christi
1536 1849 1885 1919 manifesta·-

165 1949 393 2010 tionem
462 1943 682 2009 indicit
721 1992 743 2021 ,
814 1943 879 2012 ὃς
926 1965 1132 2035 aperte
1179 1947 1456 2011 declarat
1500 1995 1514 2009 .
1564 1953 1721 2013 Sane
1765 1951 1880 2012 in...

164 2042 236 2104 iis
276 2031 727 2132 Imaginibusj
776 2040 1048 2104 Nimbus
1099 2043 1278 2104 Pueri
1329 2058 1577 2104 tantum
1627 2046 1882 2108 (ζωοὶ,

164 2132 565 2225 distinguitur
595 2181 608 2196 .
662 2136 1128 2198 Monimentum
1172 2133 1316 2196 huic
1367 2131 1646 2198 adsimile
1691 2134 1883 2202 exsta-

113 2252 124 2267 ·-
166 2252 232 2293 re
281 2246 670 2315 compertum
711 2228 865 2290 mihi
913 2225 996 2290 est
1027 2224 1193 2315 apud
1230 2225 1502 2290 Nobiles
1537 2227 1614 2292 de
1651 2231 1886 2297 Traut-

164 2319 272 2386 son
308 2368 329 2398 ‚
375 2338 556 2409 atque
597 2316 767 2386 aliud
805 2317 1021 2386 vidisse
1058 2322 1316 2385 memini
1359 2319 1526 2411 apud
1562 2324 1886 2390 Eximiurn

1279 2418 1325 2480 F
1819 2418 1883 2488 ὃς

227 2586 287 2636 [ι]
320 2587 377 2625 Ad
396 2586 637 2640 disciplinam
657 2584 800 2630 Arcani
832 2589 871 2628 id
901 2588 999 2628 refe·
1054 2597 1172 2641 putat
1187 2603 1259 2629 non
1276 2589 1323 2626 de
1349 2586 1506 2640 Virgine
1527 2590 1598 2641 sea’
1615 2593 1660 2629 de
1683 2591 1888 2643 vxorege.

169 2638 330 2678 rendum
348 2641 499 2681 videtur
518 2668 532 2685 ,
553 2643 883 2693 quemadmodum
904 2645 1002 2683 Hie·
1059 2653 1234 2684 neratum
1254 2669 1264 2681 .
1294 2647 1414 2684 Porto
1439 2644 1607 2685 infideles
1638 2645 1707 2684 filii
1737 2645 1888 2687 diaboli

169 2705 357 2746 ronymus
378 2696 781 2739 [Commentariorum
799 2698 837 2736 in
858 2700 1000 2740 §.Man
1057 2695 1142 2738 sunt
1163 2704 1238 2739 &c-

168 2747 307 2786 thoeurn
327 2748 452 2787 Liba.
468 2751 568 2802 Cap.
586 2752 778 2800 1.]ceteris
795 2764 999 2803 argumen-
1111 2758 1173 2800 (ε.)
1204 2752 1364 2793 Pausan·
1383 2753 1469 2793 Lib.
1491 2766 1537 2793 x.
1567 2754 1632 2794 ubi
1668 2756 1712 2794 de
1730 2755 1889 2796 Antilo-

175 2800 238 2842 tis,
255 2815 373 2854 quare
390 2803 559 2843 Christus
574 2818 648 2844 nou
669 2806 713 2845 de
730 2805 888 2857 simplici
912 2808 998 2845 Vir-
1054 2808 1130 2847 eho
1146 2809 1182 2847 in
1204 2808 1358 2847 Infetno
1376 2821 1395 2846 a
1416 2809 1626 2860 Pelignoto
1645 2809 1792 2859 depino
1807 2838 1819 2850 .

171 2855 286 2904 gine,
320 2855 378 2894 sed
402 2857 447 2895 de
466 2857 686 2910 desponsata
706 2872 914 2912 conceptus
930 2860 998 2900 css'e
1084 2863 1257 2914 Agoliini
1278 2862 1889 2902 delleGemmePar.1.Tav.110.

171 2907 322 2948 dicatur
339 2910 834 2956 inSae.Bib.Codice,addit
850 2916 991 2965 Ignatii
1047 2915 1228 2956 Ediz.del
1251 2915 1706 2956 Cavfflaolomeffandro
1727 2917 1857 2956 Maffei
1873 2942 1885 2954 .

176 2963 357 3012 Martyris
377 2966 600 3016 opinionem
617 2993 631 3008 ,
660 2980 794 3020 nempe
809 2994 823 3012 ,
850 2979 893 3006 ut
907 2982 996 3020 par·
1108 2969 1316 3011 Bonarroti
1333 2969 1602 3010 Offervazioni
1624 2971 1812 3011 Illotiche
1831 2970 1890 3011 so²

175 3023 237 3056 tus
264 3021 345 3070 ejus
378 3022 560 3060 celaretur
588 3020 763 3067 diabolo,
792 3024 883 3063 dum
912 3037 995 3065 eum
1050 3038 1117 3078 pta
1138 3025 1148 3066 i
1166 3025 1426 3078 Medaglioni.
1452 3035 1701 3079 pag-vina
1719 3036 1784 3067 xx·

1959 336 2082 381 CAP·
2112 335 2283 387 XXXN
