<?xml version="1.0" encoding="UTF-8"?>
<!DOCTYPE html PUBLIC "-//W3C//DTD XHTML 1.0 Transitional//EN"
    "http://www.w3.org/TR/xhtml1/DTD/xhtml1-transitional.dtd">
<html xmlns="http://www.w3.org/1999/xhtml" xml:lang="en" lang="en">
 <head>
  <title>
</title>
<meta http-equiv="Content-Type" content="text/html;charset=utf-8" />
  <meta name='ocr-system' content='tesseract 3.04.00' />
  <meta name='ocr-capabilities' content='ocr_page ocr_carea ocr_par ocr_line ocrx_word'/>
</head>
<body>
  <div class='ocr_page' id='page_1' title='image "./veterisgemmaeadc01vett_0082.png"; bbox 0 0 2535 3862; ppageno 0'>
   <div class='ocr_carea' id='block_1_1' title="bbox 346 1893 689 2001">
    <p class='ocr_par' dir='ltr' id='par_1_1' title="bbox 346 1893 689 2001">
     <span class='ocr_line' id='line_1_1' title="bbox 346 1893 660 1936; baseline -0.003 0"><span class='ocrx_word' id='word_1_1' title='bbox 346 1893 469 1936; x_wconf 78' lang='lat' dir='ltr'><strong>CAP.</strong></span> <span class='ocrx_word' id='word_1_2' title='bbox 488 1893 660 1935; x_wconf 78' lang='lat' dir='ltr'>xxxm</span> 
     </span>
     <span class='ocr_line' id='line_1_2' title="bbox 367 1947 689 2001; baseline 0 -13"><span class='ocrx_word' id='word_1_3' title='bbox 367 1950 478 2001; x_wconf 83' lang='lat' dir='ltr'>Opus</span> <span class='ocrx_word' id='word_1_4' title='bbox 493 1947 604 1988; x_wconf 63' lang='lat' dir='ltr'>fietile</span> <span class='ocrx_word' id='word_1_5' title='bbox 623 1960 689 1988; x_wconf 86' lang='lat' dir='ltr'>an-</span> 
     </span>
    </p>
   </div>
   <div class='ocr_carea' id='block_1_2' title="bbox 310 2001 620 2055">
    <p class='ocr_par' dir='ltr' id='par_1_2' title="bbox 310 2001 620 2055">
     <span class='ocr_line' id='line_1_3' title="bbox 310 2001 620 2055; baseline 0 -13"><span class='ocrx_word' id='word_1_6' title='bbox 310 2002 469 2055; x_wconf 68' lang='lat' dir='ltr'>tiquum</span> <span class='ocrx_word' id='word_1_7' title='bbox 484 2001 620 2043; x_wconf 75' lang='lat' dir='ltr'>limile.</span> 
     </span>
    </p>
   </div>
   <div class='ocr_carea' id='block_1_3' title="bbox 725 242 2405 428">
    <p class='ocr_par' dir='ltr' id='par_1_3' title="bbox 725 242 2405 428">
     <span class='ocr_line' id='line_1_4' title="bbox 729 242 1998 327; baseline -0.01 -22"><span class='ocrx_word' id='word_1_8' title='bbox 729 253 797 327; x_wconf 84' lang='lat'>38</span> <span class='ocrx_word' id='word_1_9' title='bbox 1074 244 1544 300; x_wconf 74' lang='lat' dir='ltr'>Nummus</span> <span class='ocrx_word' id='word_1_10' title='bbox 1628 242 1998 295; x_wconf 65' lang='lat' dir='ltr'>AEssz-:us</span> 
     </span>
     <span class='ocr_line' id='line_1_5' title="bbox 725 337 2405 428; baseline -0.003 -17"><span class='ocrx_word' id='word_1_11' title='bbox 725 365 822 412; x_wconf 87' lang='lat' dir='ltr'>cer</span> <span class='ocrx_word' id='word_1_12' title='bbox 853 342 1160 416; x_wconf 80' lang='lat' dir='ltr'>maxima,</span> <span class='ocrx_word' id='word_1_13' title='bbox 1199 362 1272 402; x_wconf 91' lang='lat' dir='ltr'>ne</span> <span class='ocrx_word' id='word_1_14' title='bbox 1300 339 1525 403; x_wconf 87' lang='lat' dir='ltr'>nimius</span> <span class='ocrx_word' id='word_1_15' title='bbox 1562 337 1816 416; x_wconf 83' lang='lat' dir='ltr'>videar,</span> <span class='ocrx_word' id='word_1_16' title='bbox 1843 356 2108 428; x_wconf 83' lang='lat' dir='ltr'>quatuor</span> <span class='ocrx_word' id='word_1_17' title='bbox 2136 356 2405 406; x_wconf 82' lang='lat' dir='ltr'>tantum·</span> 
     </span>
    </p>
   </div>
   <div class='ocr_carea' id='block_1_4' title="bbox 704 429 2423 1838">
    <p class='ocr_par' dir='ltr' id='par_1_4' title="bbox 704 429 2423 1838">
     <span class='ocr_line' id='line_1_6' title="bbox 721 429 2404 525; baseline -0.004 -22"><span class='ocrx_word' id='word_1_18' title='bbox 721 435 914 503; x_wconf 88' lang='lat' dir='ltr'>modo</span> <span class='ocrx_word' id='word_1_19' title='bbox 937 483 958 511; x_wconf 86' lang='lat'><strong><em>,</em></strong></span> <span class='ocrx_word' id='word_1_20' title='bbox 999 431 1066 500; x_wconf 73' lang='grc' dir='ltr'>ὃς</span> <span class='ocrx_word' id='word_1_21' title='bbox 1098 430 1344 522; x_wconf 85' lang='lat' dir='ltr'>quidem</span> <span class='ocrx_word' id='word_1_22' title='bbox 1371 429 1728 524; x_wconf 73' lang='lat' dir='ltr'>insigniores</span> <span class='ocrx_word' id='word_1_23' title='bbox 1759 429 2144 522; x_wconf 80' lang='lat' dir='ltr'>excerpfi,&amp;</span> <span class='ocrx_word' id='word_1_24' title='bbox 2182 431 2404 525; x_wconf 83' lang='lat' dir='ltr'>selegi,</span> 
     </span>
     <span class='ocr_line' id='line_1_7' title="bbox 723 523 2408 620; baseline -0.004 -24"><span class='ocrx_word' id='word_1_25' title='bbox 723 552 986 620; x_wconf 81' lang='lat' dir='ltr'>quarum</span> <span class='ocrx_word' id='word_1_26' title='bbox 1030 530 1236 594; x_wconf 83' lang='lat' dir='ltr'>Prima</span> <span class='ocrx_word' id='word_1_27' title='bbox 1271 574 1293 604; x_wconf 91' lang='lat'><strong>,</strong></span> <span class='ocrx_word' id='word_1_28' title='bbox 1359 525 1424 596; x_wconf 69' lang='grc' dir='ltr'>ὅς</span> <span class='ocrx_word' id='word_1_29' title='bbox 1471 525 1749 594; x_wconf 80' lang='lat' dir='ltr'>Secunda</span> <span class='ocrx_word' id='word_1_30' title='bbox 1785 523 2002 617; x_wconf 89' lang='lat' dir='ltr'>Jesum</span> <span class='ocrx_word' id='word_1_31' title='bbox 2040 523 2408 592; x_wconf 64' lang='lat' dir='ltr'>Christum-2</span> 
     </span>
     <span class='ocr_line' id='line_1_8' title="bbox 721 617 2410 706; baseline -0.005 -16"><span class='ocrx_word' id='word_1_32' title='bbox 721 631 930 690; x_wconf 88' lang='lat' dir='ltr'>Deum</span> <span class='ocrx_word' id='word_1_33' title='bbox 962 669 985 700; x_wconf 86' lang='lat'>,</span> <span class='ocrx_word' id='word_1_34' title='bbox 1046 620 1114 691; x_wconf 69' lang='grc' dir='ltr'>ἃ</span> <span class='ocrx_word' id='word_1_35' title='bbox 1174 624 1515 690; x_wconf 86' lang='lat' dir='ltr'>Hominem</span> <span class='ocrx_word' id='word_1_36' title='bbox 1573 625 1634 687; x_wconf 91' lang='lat' dir='ltr'>in</span> <span class='ocrx_word' id='word_1_37' title='bbox 1665 628 1996 706; x_wconf 87' lang='lat' dir='ltr'>juventute</span> <span class='ocrx_word' id='word_1_38' title='bbox 2048 617 2153 686; x_wconf 85' lang='lat' dir='ltr'>sua</span> <span class='ocrx_word' id='word_1_39' title='bbox 2190 646 2210 699; x_wconf 83' lang='lat'>3</span> <span class='ocrx_word' id='word_1_40' title='bbox 2253 621 2410 686; x_wconf 86' lang='lat' dir='ltr'>Ter-</span> 
     </span>
     <span class='ocr_line' id='line_1_9' title="bbox 723 714 2407 805; baseline -0.004 -22"><span class='ocrx_word' id='word_1_41' title='bbox 723 721 806 783; x_wconf 85' lang='lat' dir='ltr'>tia</span> <span class='ocrx_word' id='word_1_42' title='bbox 840 765 860 794; x_wconf 90' lang='lat'><strong>,</strong></span> <span class='ocrx_word' id='word_1_43' title='bbox 908 715 978 789; x_wconf 73' lang='grc' dir='ltr'>ὅε</span> <span class='ocrx_word' id='word_1_44' title='bbox 1027 720 1267 805; x_wconf 77' lang='lat' dir='ltr'>Quarta</span> <span class='ocrx_word' id='word_1_45' title='bbox 1316 721 1584 784; x_wconf 87' lang='lat' dir='ltr'>Puerum</span> <span class='ocrx_word' id='word_1_46' title='bbox 1633 714 1969 783; x_wconf 83' lang='lat' dir='ltr'>admodum</span> <span class='ocrx_word' id='word_1_47' title='bbox 2023 716 2407 805; x_wconf 79' lang='lat' dir='ltr'>exprimunt.</span> 
     </span>
     <span class='ocr_line' id='line_1_10' title="bbox 720 807 2419 903; baseline -0.005 -24"><span class='ocrx_word' id='word_1_48' title='bbox 720 815 925 879; x_wconf 84' lang='lat' dir='ltr'>Prima</span> <span class='ocrx_word' id='word_1_49' title='bbox 977 813 1167 903; x_wconf 85' lang='lat' dir='ltr'>igitur</span> <span class='ocrx_word' id='word_1_50' title='bbox 1219 807 1304 875; x_wconf 84' lang='lat' dir='ltr'>est</span> <span class='ocrx_word' id='word_1_51' title='bbox 1358 809 1587 878; x_wconf 84' lang='lat' dir='ltr'>Christi</span> <span class='ocrx_word' id='word_1_52' title='bbox 1630 830 1918 901; x_wconf 90' lang='lat' dir='ltr'>protome</span> <span class='ocrx_word' id='word_1_53' title='bbox 1961 858 1984 887; x_wconf 89' lang='lat'><strong><em>,</em></strong></span> <span class='ocrx_word' id='word_1_54' title='bbox 2045 809 2368 876; x_wconf 85' lang='lat' dir='ltr'>Carneolae</span> <span class='ocrx_word' id='word_1_55' title='bbox 2388 853 2419 883; x_wconf 81' lang='lat'>‚-</span> 
     </span>
     <span class='ocr_line' id='line_1_11' title="bbox 720 902 2412 995; baseline -0.004 -24"><span class='ocrx_word' id='word_1_56' title='bbox 720 928 909 995; x_wconf 86' lang='lat' dir='ltr'>quam</span> <span class='ocrx_word' id='word_1_57' title='bbox 943 904 1160 969; x_wconf 88' lang='lat' dir='ltr'>dicunt</span> <span class='ocrx_word' id='word_1_58' title='bbox 1184 953 1205 982; x_wconf 89' lang='lat'><strong><em>,</em></strong></span> <span class='ocrx_word' id='word_1_59' title='bbox 1250 902 1546 994; x_wconf 85' lang='lat' dir='ltr'>insculpta</span> <span class='ocrx_word' id='word_1_60' title='bbox 1585 905 1832 994; x_wconf 52' lang='lat' dir='ltr'>peciore</span> <span class='ocrx_word' id='word_1_61' title='bbox 1878 924 2053 969; x_wconf 89' lang='lat' dir='ltr'>tenus</span> <span class='ocrx_word' id='word_1_62' title='bbox 2089 950 2112 978; x_wconf 87' lang='lat'><strong><em>,</em></strong></span> <span class='ocrx_word' id='word_1_63' title='bbox 2167 904 2412 992; x_wconf 79' lang='lat' dir='ltr'>plenam</span> 
     </span>
     <span class='ocr_line' id='line_1_12' title="bbox 718 995 2415 1087; baseline -0.005 -21"><span class='ocrx_word' id='word_1_64' title='bbox 718 1001 1015 1068; x_wconf 87' lang='lat' dir='ltr'>Hominis</span> <span class='ocrx_word' id='word_1_65' title='bbox 1047 995 1268 1063; x_wconf 85' lang='lat' dir='ltr'>faciem</span> <span class='ocrx_word' id='word_1_66' title='bbox 1306 998 1589 1062; x_wconf 85' lang='lat' dir='ltr'>exhibens</span> <span class='ocrx_word' id='word_1_67' title='bbox 1613 1045 1634 1074; x_wconf 87' lang='lat'>,</span> <span class='ocrx_word' id='word_1_68' title='bbox 1676 995 1915 1064; x_wconf 88' lang='lat' dir='ltr'>Nimbo</span> <span class='ocrx_word' id='word_1_69' title='bbox 1948 997 2296 1087; x_wconf 86' lang='lat' dir='ltr'>Crucigero</span> <span class='ocrx_word' id='word_1_70' title='bbox 2326 1017 2415 1059; x_wconf 88' lang='lat' dir='ltr'>re·-</span> 
     </span>
     <span class='ocr_line' id='line_1_13' title="bbox 720 1088 2411 1181; baseline -0.004 -23"><span class='ocrx_word' id='word_1_71' title='bbox 720 1093 1045 1167; x_wconf 84' lang='lat' dir='ltr'>dimitam,</span> <span class='ocrx_word' id='word_1_72' title='bbox 1076 1110 1235 1157; x_wconf 86' lang='lat' dir='ltr'>notae</span> <span class='ocrx_word' id='word_1_73' title='bbox 1282 1114 1403 1155; x_wconf 92' lang='lat' dir='ltr'>non</span> <span class='ocrx_word' id='word_1_74' title='bbox 1439 1095 1688 1181; x_wconf 80' lang='lat' dir='ltr'>optimae</span> <span class='ocrx_word' id='word_1_75' title='bbox 1713 1139 1734 1169; x_wconf 89' lang='lat'><strong>,</strong></span> <span class='ocrx_word' id='word_1_76' title='bbox 1774 1089 1876 1155; x_wconf 86' lang='lat' dir='ltr'>sed</span> <span class='ocrx_word' id='word_1_77' title='bbox 1914 1113 2105 1179; x_wconf 88' lang='lat' dir='ltr'>neque</span> <span class='ocrx_word' id='word_1_78' title='bbox 2141 1088 2411 1154; x_wconf 88' lang='lat' dir='ltr'>rudioris</span> 
     </span>
     <span class='ocr_line' id='line_1_14' title="bbox 719 1182 2411 1275; baseline -0.004 -24"><span class='ocrx_word' id='word_1_79' title='bbox 719 1211 789 1251; x_wconf 87' lang='lat' dir='ltr'>ac</span> <span class='ocrx_word' id='word_1_80' title='bbox 842 1209 1101 1275; x_wconf 76' lang='lat' dir='ltr'>pravae:</span> <span class='ocrx_word' id='word_1_81' title='bbox 1164 1182 1396 1249; x_wconf 84' lang='lat' dir='ltr'>finistra</span> <span class='ocrx_word' id='word_1_82' title='bbox 1455 1185 1715 1249; x_wconf 82' lang='lat' dir='ltr'>Librum</span> <span class='ocrx_word' id='word_1_83' title='bbox 1762 1185 2242 1273; x_wconf 81' lang='lat' dir='ltr'>Evangeliorum</span> <span class='ocrx_word' id='word_1_84' title='bbox 2306 1202 2411 1272; x_wconf 88' lang='lat' dir='ltr'>ge-</span> 
     </span>
     <span class='ocr_line' id='line_1_15' title="bbox 717 1276 2408 1363; baseline -0.005 -17"><span class='ocrx_word' id='word_1_85' title='bbox 717 1282 838 1355; x_wconf 82' lang='lat' dir='ltr'>rit,</span> <span class='ocrx_word' id='word_1_86' title='bbox 869 1278 1184 1343; x_wconf 81' lang='lat' dir='ltr'>dexteram</span> <span class='ocrx_word' id='word_1_87' title='bbox 1218 1276 1626 1343; x_wconf 90' lang='lat' dir='ltr'>benedicentis</span> <span class='ocrx_word' id='word_1_88' title='bbox 1667 1280 1730 1341; x_wconf 92' lang='lat' dir='ltr'>in</span> <span class='ocrx_word' id='word_1_89' title='bbox 1767 1299 2008 1341; x_wconf 85' lang='lat' dir='ltr'>morem</span> <span class='ocrx_word' id='word_1_90' title='bbox 2051 1278 2408 1363; x_wconf 84' lang='lat' dir='ltr'>componit:</span> 
     </span>
     <span class='ocr_line' id='line_1_16' title="bbox 714 1366 2414 1459; baseline -0.004 -21"><span class='ocrx_word' id='word_1_91' title='bbox 714 1374 856 1438; x_wconf 82' lang='lat' dir='ltr'>hinc</span> <span class='ocrx_word' id='word_1_92' title='bbox 889 1369 1030 1434; x_wconf 90' lang='lat' dir='ltr'>inde</span> <span class='ocrx_word' id='word_1_93' title='bbox 1055 1373 1292 1436; x_wconf 79' lang='lat' dir='ltr'>Graecis</span> <span class='ocrx_word' id='word_1_94' title='bbox 1322 1369 1791 1459; x_wconf 81' lang='lat' dir='ltr'>compendiariis</span> <span class='ocrx_word' id='word_1_95' title='bbox 1826 1372 2015 1435; x_wconf 89' lang='lat' dir='ltr'>literis</span> <span class='ocrx_word' id='word_1_96' title='bbox 2057 1366 2269 1432; x_wconf 58' lang='lat' dir='ltr'>f&#39;c‘zfc.</span> <span class='ocrx_word' id='word_1_97' title='bbox 2295 1368 2414 1455; x_wconf 69' lang='lat' dir='ltr'>‘&#39;Je-</span> 
     </span>
     <span class='ocr_line' id='line_1_17' title="bbox 704 1459 2416 1557; baseline -0.001 -29"><span class='ocrx_word' id='word_1_98' title='bbox 704 1467 805 1557; x_wconf 72' lang='grc' dir='ltr'>[ω</span> <span class='ocrx_word' id='word_1_99' title='bbox 833 1462 1093 1528; x_wconf 57' lang='lat' dir='ltr'>Christus</span> <span class='ocrx_word' id='word_1_100' title='bbox 1130 1466 1361 1556; x_wconf 79' lang='lat' dir='ltr'>legitur</span> <span class='ocrx_word' id='word_1_101' title='bbox 1386 1514 1402 1528; x_wconf 90' lang='lat'><strong>.</strong></span> <span class='ocrx_word' id='word_1_102' title='bbox 1438 1467 1692 1529; x_wconf 88' lang='lat' dir='ltr'>Nomen</span> <span class='ocrx_word' id='word_1_103' title='bbox 1736 1482 2064 1551; x_wconf 88' lang='lat' dir='ltr'>utrumque</span> <span class='ocrx_word' id='word_1_104' title='bbox 2105 1482 2239 1528; x_wconf 85' lang='lat' dir='ltr'>ante</span> <span class='ocrx_word' id='word_1_105' title='bbox 2258 1459 2416 1552; x_wconf 83' lang='lat' dir='ltr'>J&#39;esu</span> 
     </span>
     <span class='ocr_line' id='line_1_18' title="bbox 723 1554 2419 1634; baseline -0.004 -8"><span class='ocrx_word' id='word_1_106' title='bbox 723 1555 951 1626; x_wconf 88' lang='lat' dir='ltr'>Christi</span> <span class='ocrx_word' id='word_1_107' title='bbox 991 1559 1249 1622; x_wconf 87' lang='lat' dir='ltr'>Domini</span> <span class='ocrx_word' id='word_1_108' title='bbox 1313 1556 1497 1622; x_wconf 85' lang='lat' dir='ltr'>nostri</span> <span class='ocrx_word' id='word_1_109' title='bbox 1551 1557 1885 1623; x_wconf 85' lang='lat' dir='ltr'>adventum</span> <span class='ocrx_word' id='word_1_110' title='bbox 1921 1605 1943 1634; x_wconf 86' lang='lat'><strong>,</strong></span> <span class='ocrx_word' id='word_1_111' title='bbox 1991 1554 2056 1623; x_wconf 74' lang='grc' dir='ltr'>ὅ(</span> <span class='ocrx_word' id='word_1_112' title='bbox 2106 1561 2419 1622; x_wconf 56' lang='lat' dir='ltr'>maxime„</span> 
     </span>
     <span class='ocr_line' id='line_1_19' title="bbox 725 1647 2423 1743; baseline -0.001 -27"><span class='ocrx_word' id='word_1_113' title='bbox 725 1654 966 1717; x_wconf 85' lang='lat' dir='ltr'>cultum</span> <span class='ocrx_word' id='word_1_114' title='bbox 1001 1655 1145 1732; x_wconf 83' lang='lat'>(1),</span> <span class='ocrx_word' id='word_1_115' title='bbox 1184 1647 1251 1716; x_wconf 71' lang='grc' dir='ltr'>ὃς</span> <span class='ocrx_word' id='word_1_116' title='bbox 1295 1676 1329 1716; x_wconf 86' lang='lat' dir='ltr'>a</span> <span class='ocrx_word' id='word_1_117' title='bbox 1377 1650 1610 1718; x_wconf 72' lang='lat' dir='ltr'>Sanffis</span> <span class='ocrx_word' id='word_1_118' title='bbox 1647 1652 1964 1742; x_wconf 85' lang='lat' dir='ltr'>Prophetis</span> <span class='ocrx_word' id='word_1_119' title='bbox 2026 1653 2212 1743; x_wconf 84' lang='lat' dir='ltr'>longe</span> <span class='ocrx_word' id='word_1_120' title='bbox 2273 1674 2423 1740; x_wconf 71' lang='lat' dir='ltr'>prae-</span> 
     </span>
     <span class='ocr_line' id='line_1_20' title="bbox 729 1746 1089 1838; baseline 0.006 -28"><span class='ocrx_word' id='word_1_121' title='bbox 729 1746 1089 1838; x_wconf 80' lang='lat' dir='ltr'>cognitum.</span> 
     </span>
    </p>
   </div>
   <div class='ocr_carea' id='block_1_5' title="bbox 729 1932 2425 2305">
    <p class='ocr_par' dir='ltr' id='par_1_5' title="bbox 729 1932 2425 2305">
     <span class='ocr_line' id='line_1_21' title="bbox 915 1932 2420 2024; baseline 0.004 -24"><span class='ocrx_word' id='word_1_122' title='bbox 915 1938 1099 2000; x_wconf 85' lang='lat' dir='ltr'>Ltera</span> <span class='ocrx_word' id='word_1_123' title='bbox 1158 1959 1231 2000; x_wconf 84' lang='lat' dir='ltr'>ex</span> <span class='ocrx_word' id='word_1_124' title='bbox 1280 1932 1454 2024; x_wconf 69' lang='lat' dir='ltr'>fistili</span> <span class='ocrx_word' id='word_1_125' title='bbox 1498 1935 1754 2000; x_wconf 78' lang='lat' dir='ltr'>materia</span> <span class='ocrx_word' id='word_1_126' title='bbox 1816 1933 2048 2002; x_wconf 83' lang='lat' dir='ltr'>constat</span> <span class='ocrx_word' id='word_1_127' title='bbox 2105 1937 2420 2006; x_wconf 85' lang='lat' dir='ltr'>cinereum</span> 
     </span>
     <span class='ocr_line' id='line_1_22' title="bbox 943 2024 2425 2118; baseline 0.003 -27"><span class='ocrx_word' id='word_1_128' title='bbox 943 2031 1216 2093; x_wconf 85' lang='lat' dir='ltr'>colorem</span> <span class='ocrx_word' id='word_1_129' title='bbox 1255 2024 1516 2093; x_wconf 85' lang='lat' dir='ltr'>referens</span> <span class='ocrx_word' id='word_1_130' title='bbox 1552 2075 1574 2104; x_wconf 86' lang='lat'>‚</span> <span class='ocrx_word' id='word_1_131' title='bbox 1630 2052 1760 2117; x_wconf 87' lang='lat' dir='ltr'>quae</span> <span class='ocrx_word' id='word_1_132' title='bbox 1783 2051 1896 2118; x_wconf 89' lang='lat' dir='ltr'>pro</span> <span class='ocrx_word' id='word_1_133' title='bbox 1941 2032 2213 2096; x_wconf 81' lang='lat' dir='ltr'>amuleto</span> <span class='ocrx_word' id='word_1_134' title='bbox 2255 2029 2425 2096; x_wconf 82' lang='lat' dir='ltr'>habi-·</span> 
     </span>
     <span class='ocr_line' id='line_1_23' title="bbox 729 2116 2424 2214; baseline 0.002 -29"><span class='ocrx_word' id='word_1_135' title='bbox 729 2138 792 2185; x_wconf 83' lang='lat' dir='ltr'>ta</span> <span class='ocrx_word' id='word_1_136' title='bbox 835 2116 957 2197; x_wconf 89' lang='lat' dir='ltr'>est,</span> <span class='ocrx_word' id='word_1_137' title='bbox 1007 2118 1178 2186; x_wconf 86' lang='lat' dir='ltr'>sacro</span> <span class='ocrx_word' id='word_1_138' title='bbox 1223 2120 1441 2187; x_wconf 89' lang='lat' dir='ltr'>eodem</span> <span class='ocrx_word' id='word_1_139' title='bbox 1484 2141 1646 2213; x_wconf 85' lang='lat' dir='ltr'>typo</span> <span class='ocrx_word' id='word_1_140' title='bbox 1669 2168 1691 2200; x_wconf 85' lang='lat'>,</span> <span class='ocrx_word' id='word_1_141' title='bbox 1726 2123 1927 2214; x_wconf 84' lang='lat' dir='ltr'>spinea</span> <span class='ocrx_word' id='word_1_142' title='bbox 1961 2147 2186 2189; x_wconf 85' lang='lat' dir='ltr'>corona</span> <span class='ocrx_word' id='word_1_143' title='bbox 2210 2126 2424 2189; x_wconf 84' lang='lat' dir='ltr'>circa...</span> 
     </span>
     <span class='ocr_line' id='line_1_24' title="bbox 729 2208 2425 2305; baseline 0.004 -30"><span class='ocrx_word' id='word_1_144' title='bbox 729 2208 1001 2278; x_wconf 82' lang='lat' dir='ltr'>frontem</span> <span class='ocrx_word' id='word_1_145' title='bbox 1041 2216 1330 2279; x_wconf 88' lang='lat' dir='ltr'>redimito</span> <span class='ocrx_word' id='word_1_146' title='bbox 1350 2261 1373 2291; x_wconf 83' lang='lat'>,</span> <span class='ocrx_word' id='word_1_147' title='bbox 1403 2215 2106 2305; x_wconf 62' lang='lat' dir='ltr'>utrimquerspestabilis</span> <span class='ocrx_word' id='word_1_148' title='bbox 2131 2267 2153 2298; x_wconf 91' lang='lat'>‚</span> <span class='ocrx_word' id='word_1_149' title='bbox 2208 2217 2425 2287; x_wconf 68' lang='lat' dir='ltr'>dustili</span> 
     </span>
    </p>
   </div>
   <div class='ocr_carea' id='block_1_6' title="bbox 730 2303 2522 2384">
    <p class='ocr_par' dir='ltr' id='par_1_6' title="bbox 730 2303 2522 2384">
     <span class='ocr_line' id='line_1_25' title="bbox 730 2303 2522 2384; baseline 0.003 -14"><span class='ocrx_word' id='word_1_150' title='bbox 730 2304 886 2370; x_wconf 83' lang='lat' dir='ltr'>reste</span> <span class='ocrx_word' id='word_1_151' title='bbox 915 2351 937 2380; x_wconf 88' lang='lat'>,</span> <span class='ocrx_word' id='word_1_152' title='bbox 999 2303 1101 2369; x_wconf 88' lang='lat' dir='ltr'>seu</span> <span class='ocrx_word' id='word_1_153' title='bbox 1146 2303 1424 2371; x_wconf 86' lang='lat' dir='ltr'>funiculo</span> <span class='ocrx_word' id='word_1_154' title='bbox 1471 2304 1647 2371; x_wconf 83' lang='lat' dir='ltr'>facile</span> <span class='ocrx_word' id='word_1_155' title='bbox 1683 2306 1931 2373; x_wconf 81' lang='lat' dir='ltr'>brachio</span> <span class='ocrx_word' id='word_1_156' title='bbox 1954 2355 1977 2384; x_wconf 91' lang='lat'>‚</span> <span class='ocrx_word' id='word_1_157' title='bbox 2027 2307 2152 2376; x_wconf 87' lang='lat' dir='ltr'>five</span> <span class='ocrx_word' id='word_1_158' title='bbox 2191 2310 2269 2374; x_wconf 78' lang='lat' dir='ltr'>ad</span> <span class='ocrx_word' id='word_1_159' title='bbox 2304 2315 2425 2376; x_wconf 89' lang='lat' dir='ltr'>col·</span> <span class='ocrx_word' id='word_1_160' title='bbox 2521 2326 2522 2346; x_wconf 79' lang='lat'><em>³</em></span> 
     </span>
    </p>
   </div>
   <div class='ocr_carea' id='block_1_7' title="bbox 726 2396 2428 2760">
    <p class='ocr_par' dir='ltr' id='par_1_7' title="bbox 726 2396 2428 2760">
     <span class='ocr_line' id='line_1_26' title="bbox 735 2396 2421 2490; baseline 0.005 -27"><span class='ocrx_word' id='word_1_161' title='bbox 735 2401 870 2463; x_wconf 89' lang='lat' dir='ltr'>lum</span> <span class='ocrx_word' id='word_1_162' title='bbox 908 2396 1234 2490; x_wconf 85' lang='lat' dir='ltr'>adliganda</span> <span class='ocrx_word' id='word_1_163' title='bbox 1275 2425 1290 2461; x_wconf 93' lang='lat'><strong>:</strong></span> <span class='ocrx_word' id='word_1_164' title='bbox 1346 2398 1428 2464; x_wconf 86' lang='lat' dir='ltr'>est</span> <span class='ocrx_word' id='word_1_165' title='bbox 1480 2403 1645 2468; x_wconf 90' lang='lat' dir='ltr'>enim</span> <span class='ocrx_word' id='word_1_166' title='bbox 1697 2402 1732 2467; x_wconf 69' lang='grc' dir='ltr'>ὲ</span> <span class='ocrx_word' id='word_1_167' title='bbox 1762 2399 2007 2467; x_wconf 88' lang='lat' dir='ltr'>summo</span> <span class='ocrx_word' id='word_1_168' title='bbox 2059 2403 2138 2468; x_wconf 79' lang='lat' dir='ltr'>ad</span> <span class='ocrx_word' id='word_1_169' title='bbox 2189 2406 2421 2483; x_wconf 88' lang='lat' dir='ltr'>imum,</span> 
     </span>
     <span class='ocr_line' id='line_1_27' title="bbox 737 2491 2426 2583; baseline 0.005 -26"><span class='ocrx_word' id='word_1_170' title='bbox 737 2493 935 2557; x_wconf 88' lang='lat' dir='ltr'>veluti</span> <span class='ocrx_word' id='word_1_171' title='bbox 971 2492 1212 2558; x_wconf 87' lang='lat' dir='ltr'>terebro</span> <span class='ocrx_word' id='word_1_172' title='bbox 1251 2491 1557 2583; x_wconf 80' lang='lat' dir='ltr'>perforata</span> <span class='ocrx_word' id='word_1_173' title='bbox 1588 2541 1609 2570; x_wconf 90' lang='lat'><strong>,</strong></span> <span class='ocrx_word' id='word_1_174' title='bbox 1669 2493 1735 2562; x_wconf 74' lang='grc' dir='ltr'>ὅ(</span> <span class='ocrx_word' id='word_1_175' title='bbox 1777 2501 1982 2563; x_wconf 83' lang='lat' dir='ltr'>Cruce</span> <span class='ocrx_word' id='word_1_176' title='bbox 2028 2493 2281 2576; x_wconf 77' lang='lat' dir='ltr'>foliata,</span> <span class='ocrx_word' id='word_1_177' title='bbox 2327 2525 2426 2566; x_wconf 89' lang='lat' dir='ltr'>cu-</span> 
     </span>
     <span class='ocr_line' id='line_1_28' title="bbox 726 2581 2420 2683; baseline 0.006 -34"><span class='ocrx_word' id='word_1_178' title='bbox 726 2581 1002 2670; x_wconf 87' lang='lat' dir='ltr'>jusmodi</span> <span class='ocrx_word' id='word_1_179' title='bbox 1049 2589 1111 2651; x_wconf 92' lang='lat' dir='ltr'>in</span> <span class='ocrx_word' id='word_1_180' title='bbox 1171 2588 1302 2652; x_wconf 81' lang='lat' dir='ltr'>aliis</span> <span class='ocrx_word' id='word_1_181' title='bbox 1358 2589 1857 2655; x_wconf 83' lang='lat' dir='ltr'>caemeterialibus</span> <span class='ocrx_word' id='word_1_182' title='bbox 1908 2589 2178 2682; x_wconf 86' lang='lat' dir='ltr'>Lipsanis</span> <span class='ocrx_word' id='word_1_183' title='bbox 2221 2592 2420 2683; x_wconf 81' lang='lat' dir='ltr'>adspi-</span> 
     </span>
     <span class='ocr_line' id='line_1_29' title="bbox 742 2680 2428 2760; baseline 0.005 -16"><span class='ocrx_word' id='word_1_184' title='bbox 742 2682 941 2760; x_wconf 84' lang='lat' dir='ltr'>citur,</span> <span class='ocrx_word' id='word_1_185' title='bbox 983 2681 1254 2748; x_wconf 88' lang='lat' dir='ltr'>Nimbus</span> <span class='ocrx_word' id='word_1_186' title='bbox 1296 2680 1654 2751; x_wconf 82' lang='lat' dir='ltr'>decoratur.</span> <span class='ocrx_word' id='word_1_187' title='bbox 1703 2683 1999 2750; x_wconf 84' lang='lat' dir='ltr'>Eamdem</span> <span class='ocrx_word' id='word_1_188' title='bbox 2031 2693 2302 2755; x_wconf 86' lang='lat' dir='ltr'>Crucem</span> <span class='ocrx_word' id='word_1_189' title='bbox 2338 2685 2428 2753; x_wconf 89' lang='lat' dir='ltr'>fo·</span> 
     </span>
    </p>
   </div>
   <div class='ocr_carea' id='block_1_8' title="bbox 2213 2784 2426 2848">
    <p class='ocr_par' dir='ltr' id='par_1_8' title="bbox 2213 2784 2426 2848">
     <span class='ocr_line' id='line_1_30' title="bbox 2213 2784 2426 2848; baseline 0.005 -1"><span class='ocrx_word' id='word_1_190' title='bbox 2213 2784 2426 2848; x_wconf 83' lang='lat' dir='ltr'>liatam</span> 
     </span>
    </p>
   </div>
   <div class='ocr_carea' id='block_1_9' title="bbox 841 2937 2421 3045">
    <p class='ocr_par' dir='ltr' id='par_1_9' title="bbox 841 2937 2421 3045">
     <span class='ocr_line' id='line_1_31' title="bbox 841 2937 2421 3008; baseline 0.002 -18"><span class='ocrx_word' id='word_1_191' title='bbox 841 2949 857 2995; x_wconf 90' lang='lat'>)</span> <span class='ocrx_word' id='word_1_192' title='bbox 904 2937 1262 2991; x_wconf 67' lang='lat' dir='ltr'>izuseb.&#39;H1st011ae</span> <span class='ocrx_word' id='word_1_193' title='bbox 1293 2950 1557 2994; x_wconf 69' lang='lat' dir='ltr'>Ecclefiasticae</span> <span class='ocrx_word' id='word_1_194' title='bbox 1612 2952 1762 3003; x_wconf 58' lang='lat' dir='ltr'>capa.</span> <span class='ocrx_word' id='word_1_195' title='bbox 1802 2951 1897 2995; x_wconf 76' lang='lat' dir='ltr'>vers.</span> <span class='ocrx_word' id='word_1_196' title='bbox 1928 2964 1992 2993; x_wconf 83' lang='lat'>21.</span> <span class='ocrx_word' id='word_1_197' title='bbox 2034 2955 2069 2992; x_wconf 71' lang='grc' dir='ltr'>δι’</span> <span class='ocrx_word' id='word_1_198' title='bbox 2107 2955 2203 2996; x_wconf 76' lang='lat' dir='ltr'>Luc.</span> <span class='ocrx_word' id='word_1_199' title='bbox 2232 2954 2332 3008; x_wconf 60' lang='lat' dir='ltr'>Capu</span> <span class='ocrx_word' id='word_1_200' title='bbox 2366 2954 2421 2993; x_wconf 86' lang='lat'>11.</span> 
     </span>
     <span class='ocr_line' id='line_1_32' title="bbox 848 3016 886 3045; baseline -0.079 0"><span class='ocrx_word' id='word_1_201' title='bbox 848 3016 886 3045; x_wconf 73' lang='lat'>1,</span> 
     </span>
    </p>
   </div>
   <div class='ocr_carea' id='block_1_10' title="bbox 745 2953 1797 3056">
    <p class='ocr_par' dir='ltr' id='par_1_10' title="bbox 745 2953 1797 3056">
     <span class='ocr_line' id='line_1_33' title="bbox 745 2953 1797 3056; baseline 0.005 -13"><span class='ocrx_word' id='word_1_202' title='bbox 745 2953 833 3043; x_wconf 50' lang='lat' dir='ltr'>&amp;igi</span> <span class='ocrx_word' id='word_1_203' title='bbox 916 3005 1016 3056; x_wconf 75' lang='lat' dir='ltr'>cap·</span> <span class='ocrx_word' id='word_1_204' title='bbox 1037 3006 1124 3046; x_wconf 82' lang='lat'>111.</span> <span class='ocrx_word' id='word_1_205' title='bbox 1153 3005 1245 3047; x_wconf 64' lang='lat' dir='ltr'>vide</span> <span class='ocrx_word' id='word_1_206' title='bbox 1279 3007 1397 3048; x_wconf 71' lang='lat' dir='ltr'>etiam</span> <span class='ocrx_word' id='word_1_207' title='bbox 1416 3008 1559 3049; x_wconf 68' lang='lat' dir='ltr'>Matth.</span> <span class='ocrx_word' id='word_1_208' title='bbox 1616 3008 1712 3049; x_wconf 77' lang='lat' dir='ltr'>vers.</span> <span class='ocrx_word' id='word_1_209' title='bbox 1734 3020 1797 3048; x_wconf 76' lang='lat'>21.</span> 
     </span>
    </p>
   </div>
  </div>
 </body>
</html>
