2535 3862
584 225 1466 304 Givproompmcia.
1799 243 1888 302 79

163 339 265 385 ma
305 333 668 409 argenteum
702 306 986 402 Nusdem
1035 312 1380 384 Alexandri
1418 359 1439 390 ,
1493 308 1657 401 quod
1697 313 1890 380 incidi

162 414 518 477 curavimus
554 460 572 488 ,
624 410 690 481 ὃς
736 415 796 476 in
838 412 1106 502 gratiam
1147 412 1407 477 illorum
1440 455 1461 485 ,
1523 409 1628 497 qui
1673 404 1890 492 ejusce·

157 509 337 572 modi
383 509 780 575 monimentis
824 504 1209 572 delestantur
1231 550 1254 582 ‚
1298 504 1433 568 heic
1469 500 1838 593 adponimus
1867 549 1889 580 ,

159 1363 680 1459 elegantiffimum
717 1364 799 1433 est
839 1416 860 1445 ,
900 1365 1300 1456 servaturque
1340 1373 1561 1433 Romae
1599 1370 1659 1434 in
1684 1367 1888 1458 Mufto

171 1461 427 1526 Vicisorio
466 1507 487 1537 ,
547 1485 704 1552 opus
744 1459 988 1528 fortaffe
1032 1464 1383 1528 Benvenuti
1428 1465 1682 1528 Cellinii
1721 1512 1742 1540 ,
1788 1465 1891 1551 qui

158 1574 439 1621 monetas
490 1557 707 1621 incidit
742 1583 762 1636 3
817 1554 942 1623 five
986 1558 1188 1645 potius
1235 1556 1524 1642 Franczfii
1566 1557 1894 1646 Pratensts,

160 1651 551 1736 Hieronymi
590 1649 702 1715 filii
748 1661 853 1732 (1)
889 1699 903 1714 .
948 1653 1173 1736 Qum
1201 1651 1504 1715 Cellinius
1532 1696 1554 1725 ‚
1594 1673 1787 1739 neque
1831 1652 1891 1713 in

159 1748 314 1812 Vita
349 1743 454 1811 sua
495 1752 610 1827 [2]
638 1793 658 1823 ,
707 1768 900 1834 neque
949 1747 1009 1808 in
1054 1741 1176 1809 suis
1224 1742 1622 1810 Traeiatibus
1667 1749 1769 1829 (3)
1816 1742 1892 1809 de

162 1842 279 1905 hoc
324 1837 696 1906 numismate
763 1843 960 1906 ullam
1017 1842 1401 1905 mentionem
1438 1835 1656 1904 fecerit
1691 1887 1712 1916 ‚
1757 1840 1892 1906 aliis

159 1933 441 2025 pluribus
475 1934 711 1999 ibidem
746 1934 821 1998 ab
860 1932 992 2023 ipso
1024 1936 1388 1998 memoratis
1413 1981 1427 1994 .
1469 1936 1545 1997 In
1579 1933 1756 1997 editis
1793 1958 1894 1998 au-

161 2047 294 2094 tem
337 2026 614 2112 ejusdem
652 2030 918 2118 Georgii
956 2025 1201 2090 Vasarii
1239 2026 1690 2093 voluminibus
1729 2028 1890 2116 apud

159 2121 459 2191 Haeredes
498 2121 903 2212 Evangelistae
928 2126 1159 2185 Dozzae
1188 2166 1208 2195 ‚
1243 2122 1452 2209 Typis
1494 2119 1891 2185 Bononiensi-

161 2217 317 2293 buS,
359 2214 549 2306 iisque
589 2218 828 2294 austis,
872 2212 1227 2302 ornatisque
1269 2213 1642 2304 imaginibus
1682 2237 1894 2302 quam-

163 2314 437 2399 plurium
483 2312 804 2379 Picstorum
849 2358 870 2387 ,
916 2311 1331 2398 sculptorum
1366 2356 1384 2383 ‚
1437 2327 1618 2396 atque
1668 2312 1896 2375 Archi-

164 2406 472 2471 tee‘iorum
504 2455 524 2484 ,
581 2426 719 2472 ante
768 2429 1022 2480 omneS,
1065 2408 1125 2467 in
1165 2409 1319 2470 Vita
1372 2402 1596 2467 Valerii
1650 2404 1899 2469 Vicenti*

164 2506 266 2580 ni,
308 2503 653 2593 aliorumque
690 2504 795 2586 (4)
835 2548 855 2578 ,
910 2519 1296 2565 memoratur
1333 2497 1598 2589 &oannes
1644 2499 1897 2588 quidam

1765 2594 1818 2658 F
1820 2596 1899 2657 lo-

217 2689 280 2733 (1)
313 2686 386 2726 Adi
407 2686 603 2728 Vasatium
631 2691 667 2729 in
695 2689 789 2729 Vita
819 2688 998 2741 Alphonfi
1110 2691 1174 2738 (3)
1205 2690 1293 2727 Due
1315 2685 1486 2727 Tratmi
1514 2685 1557 2725 di
1573 2686 1794 2726 Benvenuto
1816 2688 1895 2724 Cel--

166 2740 377 2780 Lombatdi
395 2742 607 2794 sculptoris
625 2744 880 2784 Ferratienfis.
903 2744 994 2782 Pat-
1055 2741 1130 2782 lim·
1149 2742 1314 2782 Stultore
1332 2740 1547 2781 Fiorentino
1567 2768 1577 2779 .
1602 2741 1686 2781 vno
1707 2742 1895 2779 deu’Ore-

167 2806 205 2833 te
225 2808 238 2833 1
252 2798 310 2834 11.
331 2808 420 2849 pag.
438 2800 529 2839 780.
1052 2796 1189 2846 ficeria
1206 2822 1220 2840 ,
1253 2797 1380 2836 l'altro
1399 2795 1502 2833 della
1521 2796 1698 2833 Scultura
1715 2802 1796 2835 &c-
1832 2795 1890 2833 Fi-

222 2855 285 2896 (ι)
325 2850 411 2888 Vita
438 2849 480 2888 di
508 2851 725 2890 Benvenuto
751 2850 888 2890 Cellim'
915 2854 1003 2889 Ore·
1062 2864 1173 2890 xenzc
1192 2876 1202 2888 .
1225 2861 1495 2890 MDccxxxl·
1527 2848 1625 2887 Vedi
1656 2849 1681 2887 il
1711 2850 1896 2889 Ttattato

160 2899 235 2950 fiee
252 2931 265 2947 ,
296 2916 312 2939 e
350 2906 515 2943 Scultore
534 2904 746 2945 Fiorentino
781 2907 832 2943 da
859 2904 917 2942 lui
936 2918 1010 2942 me·
1070 2905 1158 2945 dell’
1174 2905 1409 2944 Oreficerta.

169 2957 304 3009 defimo
317 2955 469 3007 scritta.
488 2958 656 2999 colonia
675 2971 738 3011 pet
757 2959 886 2998 Pietro
904 2960 1008 2997 Mat-
1122 2960 1184 3004 (4)
1216 2958 1344 2997 Vasari
1364 2956 1451 2993 Vite
1472 2958 1543 2993 &c.
1569 2955 1703 2996 pann
1718 2956 1749 2995 Ι.
1765 2956 1894 2997 Primo

181 3014 275 3052 tello
292 3038 302 3049 .
347 3021 350 3027 ·
1067 3012 1232 3051 Volume
1249 3039 1259 3051 .
1277 3023 1362 3064 pag.
1380 3021 1467 3054 291.
1486 3022 1504 3046 e
1521 3010 1688 3062 seguenti
1709 3034 1721 3045 ·

1991 323 2107 367 CAP·
2150 329 2257 374 ‘XXV
