2535 3862
244 349 381 405 cAP.
409 352 489 392 xv

521 245 673 341 ”56
1035 219 1853 304 DESS.SEPTEM

583 350 794 420 sacrae
817 332 1200 411 vetustatis
1254 325 1621 400 cimelium
1659 321 1897 417 accepi
1924 326 2007 395 ab
2035 330 2299 402 Hiero-⁴

585 469 807 544 nymo
831 439 1066 513 Odam
1098 433 1371 530 Equite
1396 425 1736 522 elegantis
1762 427 2025 520 ingenii
2051 493 2074 528 9
2090 452 2302 530 atque

585 549 811 624 amico
839 540 1067 616 nostro
1097 534 1438 630 singulari
1493 538 1591 620 (Ι)
1621 586 1634 599 .
1674 532 1910 623 Hujus
1936 534 2307 605 austorita-

590 676 662 728 te
688 643 1110 722 monimenti
1139 705 1164 738 9
1212 638 1360 711 sive
1392 638 1476 709 de
1503 635 1790 708 Hedera
1822 701 1845 735 9
1874 635 2023 708 sive
2050 636 2134 709 de
2159 637 2309 708 Cu-

595 756 871 832 curbita
899 747 1339 842 Prophetam
1363 742 1449 812 ab
1479 737 1646 810 aestu
1671 758 2091 836 protegente
2118 763 2307 838 quae-

594 862 889 933 stionem
915 850 1183 944 jamdiu
1215 846 1564 939 agitatam
1589 867 1630 913 a
1663 844 1929 916 Sanstis
1958 844 2314 941 Patribus9

598 965 673 1035 ὃς
727 960 1137 1033 divinarum
1169 951 1707 1044 Scripturarum
1757 949 2275 1042 Interpretibus
2301 1007 2324 1041 9

599 1063 811 1140 facile
851 1057 1150 1141 definire
1181 1053 1545 1124 valemus:
1600 1073 1824 1147 quum
1860 1068 2093 1121 cetera
2118 1075 2157 1122 a
2199 1073 2320 1120 no-

601 1171 710 1241 bis
742 1229 766 1263 9
818 1159 1115 1257 aliisque
1143 1151 1478 1227 recenfita
1507 1216 1531 1251 9
1580 1152 2005 1251 plerumque
2040 1177 2080 1223 a
2116 1171 2333 1246 vetuss

606 1272 783 1344 state
808 1263 997 1336 haud
1021 1260 1295 1334 modice
1328 1274 1671 1351 corrupta
1705 1252 1842 1326 sint
1870 1287 1889 1332 ,-
1912 1257 1984 1327 id
2008 1280 2183 1329 vero
2208 1279 2330 1351 po-

610 1372 864 1447 tiffime
896 1365 1217 1439 maxima
1265 1359 1796 1433 conservatione
1820 1359 2086 1454 polleat
2120 1423 2143 1455 9
2177 1358 2335 1428 niti-

611 1474 878 1551 diffima
906 1469 1134 1540 adhuc
1162 1465 1343 1539 vitri
1370 1459 1739 1558 superficie
1774 1468 1914 1551 (2)‚·
1942 1482 2157 1560 atque
2182 1462 2336 1534 ideo

613 1580 788 1652 folia
814 1640 836 1674 9
861 1574 934 1643 ὃς
962 1571 1242 1643 ξωᾶηε
1272 1566 1736 1664 dependentes
1762 1629 1785 1662 9
1810 1566 1982 1637 adeo
2006 1565 2334 1639 accedere

621 1681 1115 1755 discernuntur
1144 1675 1230 1745 ad
1259 1673 1573 1746 formam
1625 1670 2157 1742 cucurbitarum
2185 1733 2208 1768 9
2261 1685 2342 1738 ut

627 1785 838 1857 dubio
866 1778 1119 1875 procul
1155 1774 1682 1847 adfirffandum
1717 1771 1805 1842 fit
1834 1836 1856 1867 9
1901 1797 2068 1844 vere
2094 1793 2341 1844 cucur-

630 1890 857 1959 bitam
883 1877 1285 1976 prodigiose
1311 1874 1461 1945 illic
1485 1873 1897 1945 succrevisse
1928 1938 1950 1969 9
2004 1877 2119 1945 ubi
2144 1876 2348 1946 Ionas

635 1985 966 2060 decubuit
997 2035 1011 2047 .
1069 1983 1287 2050 Porro
1339 1976 1626 2046 frondes
1660 2038 1682 2071 9
1735 1973 1808 2041 ὅ(
1836 1974 2120 2048 ξηιᾶυε
2176 1977 2354 2047 nihil

639 2115 805 2166 cum
829 2084 1116 2159 Hedera
1135 2149 1157 2181 9
1172 2078 1537 2177 baccisque
1559 2077 2012 2150 Hederarurn
2041 2104 2352 2152 commu-

641 2221 727 2268 ne
751 2193 1035 2284 habent9
1050 2206 1131 2259 ut
1162 2183 1558 2281 inspicienti
1584 2180 2034 2255 manifestum
2060 2183 2175 2256 est.
2199 2183 2357 2281 Ipse

2120 2307 2361 2359 autem

695 2396 762 2447 (1)
800 2388 970 2440 Ejusdem
1001 2387 1217 2429 ornatisssmi
1261 2388 1351 2427 Viri
1394 2389 1472 2430 elo-
1527 2385 1655 2425 similia
1683 2393 1699 2436 (
1717 2399 1756 2426 ut
1792 2388 1902 2427 docet
1921 2388 2164 2428 Bonarrotius
2191 2387 2365 2427 indicatis

647 2448 748 2499 glum
765 2445 918 2497 legimus
932 2443 1127 2493 aliquando
1143 2448 1361 2492 pag.259,&
1380 2449 1470 2479 260.
1525 2441 1640 2480 modo
1658 2439 1746 2481 locis
1765 2440 1781 2483 )
1810 2456 1857 2478 ex
1890 2440 2022 2482 vitreis
2049 2441 2185 2480 duabus
2215 2441 2360 2480 laminis

647 2495 746 2554 {pud
760 2496 1077 2549 Fr.P;regrim1m
1093 2494 1250 2534 Orlandi
1267 2511 1311 2533 ex
1328 2496 1473 2535 Ordine
1531 2494 1667 2535 constat
1687 2495 1733 2533 ad
1752 2493 1875 2543 ignem
1911 2493 2074 2536 fornacis
2098 2494 2198 2533 inter
2219 2494 2252 2532 se
2269 2511 2366 2534 com..

648 2553 945 2595 Carmelitarum
972 2558 987 2600 (
1004 2551 1099 2589 Vide
1131 2549 1377 2589 l'Abecedario
1395 2551 1474 2588 Pit·
1531 2547 1644 2601 paffis
1660 2574 1674 2590 ,
1689 2548 1837 2586 bractea
1857 2562 1903 2587 ex
1921 2562 2013 2589 auro
2028 2548 2271 2591 intermedia,
2285 2562 2366 2599 quae

652 2621 718 2649 τον]
903 2652 909 2656 ι

653 2660 829 2711 crefiiuto
843 2666 923 2699 ΘΥ.
940 2659 1111 2710 Bologna.
1131 2670 1320 2696 Moccxlx.
1338 2659 1375 2696 in
1389 2659 1447 2706 4.)
1466 2684 1475 2693 .
1531 2653 1773 2706 unusquisque
1793 2655 1837 2694 de
1858 2654 2144 2696 conservatione
2162 2657 2264 2703 hujus
2281 2672 2362 2696 mo-

654 2717 701 2753 Et
718 2718 795 2761 jure
814 2710 1020 2760 meritoque
1038 2710 1209 2749 laudatur
1226 2725 1244 2747 a
1266 2710 1479 2750 clar1ss.Vi-
1534 2709 1685 2749 nimenti
1702 2721 1767 2760 per
1781 2706 1813 2745 se
1831 2710 2017 2758 conjicere
2052 2708 2163 2750 valet,
2183 2722 2295 2760 quum
2312 2707 2363 2747 su·-

654 2767 711 2806 ris
729 2765 917 2806 Boldetm,
935 2761 1478 2807 CrescimbenioeGoriQGui-
1534 2761 1699 2816 perficies
1715 2761 1835 2801 lucida
1854 2764 1973 2803 adhuc
1989 2762 2044 2807 (313
2058 2760 2222 2812 nihilque
2242 2762 2362 2801 detri-

659 2820 750 2862 dio,
763 2817 888 2857 Vitale
908 2818 1065 2875 Jordano
1091 2843 1105 2859 ρ
1129 2819 1272 2870 Lupio,
1299 2817 1478 2861 Maffeio,
1532 2816 1649 2857 menti
1669 2815 1855 2868 acceperit
1883 2818 2010 2869 (quod
2031 2829 2157 2854 rarum
2173 2816 2223 2853 est
2236 2814 2253 2860 )
2267 2841 2282 2857 9
2298 2813 2360 2856 seu

658 2869 891 2912 Emmanuele
909 2870 1090 2910 Martinio
1105 2897 1120 2914 ,
1135 2872 1350 2912 Muratorio
1366 2899 1381 2915 ,
1393 2873 1475 2912 Sto·
1532 2871 1579 2908 ab
1592 2885 1670 2910 aevo
1687 2896 1702 2912 ,
1718 2868 1777 2908 scu
1803 2870 1850 2908 ab
1866 2870 2088 2909 humiditate
2108 2894 2122 2911 ³
2139 2879 2199 2906 aut
2216 2867 2360 2908 siccita-

659 2924 761 2966 schio
780 2952 794 2969 ‚
829 2922 979 2982 aliisque
1549 2937 1585 2962 te
1628 2923 1729 2967 loci,
1756 2936 1892 2978 praeter
1922 2922 2054 2979 cyathi
2084 2920 2262 2974 surgentis
2304 2921 2357 2961 la·

712 2981 777 3028 (2)
803 2983 999 3036 Qomam
1027 2979 1097 3031 hoc
1115 2976 1338 3024 vasculum,
1372 2983 1409 3033 ὅ(
1425 2977 1494 3018 alia
1551 2978 1674 3017 brum-
2303 2973 2308 2977 '

723 2614 850 2646 c0e9‘c.
881 2604 1090 2655 rtstampato
1108 2629 1122 2646 ,
1154 2617 1306 2643 corretto
1321 2632 1335 2648 ,
1355 2607 1399 2644 ed
1415 2618 1477 2643 ac·
1532 2602 1690 2653 graphio
1720 2601 1841 2644 trita,
1865 2601 2064 2653 imaginem
2094 2602 2190 2641 Ionae
2212 2601 2331 2641 refert
2347 2628 2363 2645 2
