2535 3862
527 241 1053 298 Exrch‘rus
1114 237 1299 293 PARS
1343 239 1392 292 1.
1726 249 1811 305 35·

125 341 271 412 tem':
321 339 633 429 Supercilia
670 344 832 430 nigra
872 363 977 403 non
1009 337 1242 425 perinde
1270 335 1523 425 inflexa.
1555 333 1652 401 Ex
1688 358 1808 399 ocu-

124 441 198 503 lis
219 432 431 526 fitlvis
467 483 489 512 ,
545 437 618 499 Θ
644 431 1192 523 subflavcfcentibus
1243 432 1485 520 mirifica
1538 435 1808 517 promine-

122 531 218 594 bat
249 534 441 620 gratia
465 575 487 605 ,
528 552 677 593 acres
716 533 765 591 ii
804 546 959 592 erant
981 571 1003 602 ,
1051 527 1124 588 (θ’
1145 523 1303 610 nasiaes
1340 526 1559 612 longior
1600 551 1617 589 τ
1664 524 1810 589 Bar-

121 623 198 686 bae
237 625 475 712 capillus
503 620 715 710 flavus
749 666 772 696 ‚
814 644 907 683 nec
955 617 1240 683 admodum
1295 617 1551 706 demiffits
1574 664 1589 680 .
1642 617 1813 705 Capi·-

124 721 204 781 tis
232 737 401 805 porro
435 716 664 803 capillos
708 714 850 778 tulit
875 713 1195 800 polixiores
1221 757 1581 776 .........
1608 712 1809 775 collum

21 877 23 881 Α
102 808 235 898 fitit
266 808 465 898 sitfim
498 808 725 875 declive
756 855 777 884 ,
817 811 967 871 itaut
1014 830 1119 868 non
1157 826 1384 870 extento
1417 807 1651 868 nimium
1694 828 1810 867 cor-

21 981 23 984 ⁴
116 908 274 989 poris
327 902 480 965 flatu
543 901 673 990 effi’t
696 948 711 963 .
747 899 920 965 Porro
984 904 1174 963 tritici
1234 897 1475 988 referens
1532 898 1766 962 colorem
1785 943 1804 961 .

118 992 196 1059 N
193 1019 257 1059 on
291 996 619 1072 rotundam,
658 1015 755 1059 aut
796 1014 1013 1059 acutam
1047 992 1468 1083 habuitfitciem
1487 1038 1508 1070 ,
1540 990 1651 1081 st’d
1684 1014 1813 1081 qua·

117 1088 195 1152 lis
231 1086 459 1155 Matris
493 1095 613 1176 ejus
655 1110 773 1153 erat
797 1136 818 1166 ‚
851 1089 1106 1176 paullum
1149 1089 1392 1177 deorsum
1439 1086 1639 1175 ‘versus
1673 1111 1814 1152 ver·-

20 1205 23 1221 *
116 1203 373 1272 gentem,
414 1207 477 1248 ac
510 1184 716 1248 modice
756 1183 1110 1248 rubicundam
1144 1229 1165 1258 ,
1195 1187 1554 1274 gravitatem
1586 1226 1609 1257 ,
1650 1200 1814 1270 atque

108 1277 465 1363 prudentiam
503 1303 621 1342 cum
662 1279 896 1342 lenitate
935 1277 1310 1362 conjunc‘iam‚
1337 1273 1815 1363 placabilitatem·-

120 1395 223 1459 que
262 1373 558 1436 iracundiae
595 1391 873 1460 expertem
905 1370 1288 1460 praeferentem
1321 1416 1343 1446 ‚
1380 1367 1685 1456 perfimilis
1720 1366 1809 1430 de-

120 1469 280 1553 nique
317 1483 425 1550 per
461 1470 642 1529 omnia
662 1464 796 1552 suit
836 1463 1079 1531 Divinae
1104 1510 1127 1540 ,
1179 1466 1252 1549 (σῇ
1297 1462 1669 1548 Immaculata?
1690 1460 1809 1547 fitae

122 1558 409 1624 Genetrici
440 1559 562 1622 &cu
1752 1569 1754 1571 '

119 1744 278 1900 D
302 1750 581 1810 Amnant
631 1746 904 1835 plerique
956 1743 1126 1810 (1οὲὶὶ
1166 1744 1310 1810 Viri
1343 1743 1812 1834 Nicephorum,

328 1836 392 1906 ὃς
434 1836 850 1905 testimonium
886 1842 1010 1921 ejus
1051 1834 1366 1909 exfibilant
1407 1885 1430 1915 ‚
1481 1855 1690 1903 totum
1749 1834 1813 1901 id

124 1935 467 2025 ecgraphon
510 1935 847 1998 reiicientes
886 1979 907 2008 ,
965 1956 1033 1996 ea
1093 1930 1479 2023 potissimum
1535 1934 1811 1995 ratione,

122 2024 294 2092 ducii
316 2074 338 2104 ,
373 2026 536 2114 quod
576 2051 647 2090 ex
675 2024 1004 2092 Veteribus
1054 2034 1157 2104 (1)
1198 2026 1379 2088 nullos
1442 2024 1546 2086 ille
1608 2049 1681 2087 ex
1717 2049 1812 2085 no-

124 2125 268 2184 mine
323 2120 703 2209 appellaverit
748 2166 768 2194 ,
832 2139 929 2182 aut
972 2119 1249 2205 appellare
1307 2142 1449 2184 vere
1493 2121 1740 2203 potuerit
1779 2139 1812 2178 a

128 2212 325 2303 quibus
365 2218 634 2300 acceperit
670 2262 685 2276 .
723 2217 967 2276 Verum
1014 2207 1120 2275 etfi
1159 2214 1338 2298 plura
1376 2257 1399 2286 ‚
1464 2233 1595 2296 quae
1638 2213 1699 2274 in
1740 2209 1814 2272 il-

127 2310 242 2373 lius
291 2304 567 2372 Historia
610 2301 956 2369 referuntur
992 2348 1017 2380 ,
1072 2328 1106 2367 a
1145 2305 1318 2369 Viris
1374 2304 1615 2395 magnis
1657 2321 1814 2366 tam·-

126 2423 307 2488 quarn
350 2401 767 2465 commentitia
802 2445 823 2475 ,
880 2395 946 2464 ὃς
985 2393 1268 2462 simulata
1336 2422 1371 2462 a
1407 2400 1569 2461 veris
1611 2419 1813 2460 narra-

129 2492 430 2570 tionibuS,
459 2500 595 2577 jure
631 2516 698 2557 ac
739 2493 961 2558 merito
988 2539 1009 2568 ‚
1034 2490 1222 2579 'quod
1271 2513 1392 2554 non
1434 2492 1812 2583 negaverim,

135 2584 532 2677 explodantur
573 2605 750 2674 atque
793 2587 1181 2651 eliminentur
1214 2634 1234 2661 ,
1293 2603 1499 2650 tamen
1543 2585 1813 2673 praealla-

132 2682 207 2743 tis
273 2682 655 2745 monimentis
695 2727 718 2757 ,
782 2699 1079 2770 quantum
1133 2681 1277 2744 licet
1331 2679 1564 2743 homini
1611 2681 1812 2743 Sacrae

313 2777 321 2782 ’
1112 2778 1163 2839 E
1197 2798 1228 2836 2
1613 2775 1815 2836 Vetu-

187 2946 248 2990 (1)
279 2946 390 2994 Serty
408 2943 575 2985 Exercit.
597 2945 735 2989 Critie·
752 2952 898 2985 μνη.
929 2950 962 2991 ς.
981 2957 1016 2985 1.
1032 2947 1065 2984 δι’
1091 2941 1352 2986 Animadvexs.
1373 2938 1595 2983 Anticritic.
1610 2939 1647 2980 in
1661 2937 1817 2982 'Histor-

137 2995 266 3041 Eamil·
282 3000 383 3039 Saer.
399 2999 496 3052 Cap.
513 3014 576 3041 xx.

1905 1664 2025 1704 CAP.
2051 1667 2156 1705 XXX

1852 1715 1959 1754 Jdem
1981 1719 2225 1769 Nicephorus

1852 1768 2070 1813 vindicatur
2094 1785 2115 1812 a
2139 1787 2225 1814 cen·

1854 1822 1943 1864 sutis
1960 1850 1972 1864 ·
