2535 3862
481 226 1035 283 Exuxcarus
1098 223 1294 280 PARS
1334 224 1415 279 11.
1731 226 1797 280 81

113 337 201 403 'tia
235 337 292 425 ip
317 357 401 400 tus
442 345 465 410 ⁷,
502 333 744 397 haeredes
763 332 947 422 fimus
970 332 1263 420 secundum
1282 330 1440 420 spem
1464 331 1611 396 vitae
1650 346 1805 392 aeter-

114 453 194 494 nae
234 477 249 492 .
315 431 539 517 Neque
594 428 775 493 aliter
817 427 1075 493 sanstus
1119 423 1501 517 Augustinus
1564 425 1626 487 in
1667 426 1808 514 Epi-

113 519 268 587 stola
311 520 389 587 ad
417 521 736 589 Hilarium
763 528 909 599 (1),
942 522 1004 582 in
1029 543 1146 606 qua
1185 523 1477 607 pleraque
1510 518 1807 585 adversus

112 616 473 706 Pelagianos
487 661 507 691 ,
526 612 592 681 ὅ(
618 616 765 679 item
781 613 1180 687 Manichaeos,
1204 609 1413 675 scribit
1440 611 1809 679 Coelestium

109 711 274 775 circa
292 707 582 796 Baptisma
602 707 1014 795 parvulorum
1038 704 1325 771 coaestum
1361 701 1532 770 fuisse
1559 706 1812 771 confite-

111 803 208 879 ri,
252 801 405 893 quod
418 803 491 864 Θ·
520 800 656 889 ipsts
697 799 998 866 Redemtt'o
1028 799 1120 889 stt
1151 798 1519 889 necfftria..
1543 847 1593 863 ..
1643 799 1813 867 Unde

107 901 252 960 enim
274 896 578 960 redimendi
588 893 730 983 sitnt
751 942 772 971 ,
813 892 927 984 72ss
961 916 994 957 a
1013 893 1229 959 diaboli
1239 892 1521 981 potestate
1542 943 1562 972 ,
1610 900 1671 958 in
1702 918 1817 987 quet

107 988 213 1079 effi
240 1013 343 1054 non
358 987 571 1080 pfftzt
595 1036 617 1066 ‚
665 995 727 1053 ni
752 1014 773 1055 t
813 990 1110 1080 originalis
1170 989 1510 1079 obligatione
1544 994 1811 1078 peccati?

102 1104 200 1150 aut
244 1109 347 1175 quo
376 1089 563 1171 pretio
582 1084 966 1161 redimuntur,
1004 1083 1118 1174 nist
1133 1081 1357 1148 Chriffz'
1378 1085 1693 1175 sanguine,
1739 1084 1810 1149 de

112 1202 217 1270 quo
259 1178 595 1266 aperciffi'me
615 1176 897 1268 seriptum
931 1176 1021 1242 efl
1052 1227 1074 1256 ‚
1122 1180 1272 1269 quod
1306 1185 1366 1242 in
1405 1179 1815 1265 remiffi'onemd

110 1299 139 1335 e
191 1273 312 1361 usus
334 1271 426 1361 stt
458 1290 807 1360 peccatorum
851 1291 871 1339 ἓ
918 1269 1073 1337 Inde
1119 1276 1311 1366 igitur
1351 1272 1644 1363 Baptisma
1677 1322 1698 1351 ,
1744 1298 1815 1337 ac

161 1372 446 1431 cenitentia
468 1413 489 1444 ,
527 1364 882 1432 Sacramenta
910 1363 1276 1433 Mortuerum
1302 1387 1653 1458 nuncupata
1678 1365 1811 1432 fue-

106 1483 173 1525 re
199 1507 222 1536 ,
272 1462 412 1548 quia
456 1483 673 1550 nempe
718 1461 795 1526 de
833 1479 1035 1525 morte
1077 1462 1156 1528 ad
1192 1465 1430 1538 vitam,
1481 1460 1712 1527 scilicet
1731 1461 1810 1527 ad

112 1556 575 1641 Omnipotentis
610 1557 730 1620 Dei
776 1557 1063 1620 Gratiam
1105 1575 1216 1618 nos
1242 1574 1542 1620 revocant
1564 1603 1586 1632 ,
1621 1579 1807 1644 quam

106 1671 180 1713 ex
227 1645 377 1713 tristi
411 1647 765 1715 haereditate
799 1653 1121 1731 Majorum
1157 1645 1510 1715 nostrorum
1573 1648 1648 1714 ab
1686 1653 1808 1715 ori-

103 1744 245 1836 gine
286 1741 597 1810 amifirnus
642 1794 657 1809 .
709 1748 937 1811 Cetera
972 1741 1330 1810 Sacramenta
1373 1744 1661 1812 Vivorum
1718 1742 1812 1809 di-‘

107 1855 333 1902 cuntur
373 1885 394 1915 ,
460 1838 627 1928 quod
684 1863 808 1904 non
858 1840 1111 1904 omnino
1161 1835 1482 1905 neceffaria
1546 1836 1666 1904 fint
1730 1840 1808 1906 ad

106 1950 395 1998 aeternam
438 1929 697 1998 salutem
749 1931 1246 2022 consequendam
1290 1981 1312 2010 ‚
1369 1931 1473 1998 sed
1517 1936 1809 1999 Gratiam

116 2022 633 2092 christifidelibus
674 2026 1021 2118 adaugeant
1055 2075 1070 2091 .
1120 2023 1417 2115 Suscepto
1462 2022 1813 2113 siquidem-2

109 2119 463 2207 Baptismate
485 2166 507 2196 ‚
553 2116 599 2185 fi
640 2116 802 2186 forte
840 2117 1169 2198 infantem,
1212 2121 1314 2185 vel
1350 2118 1640 2186 adultum
1676 2141 1817 2187 aeta-

110 2234 171 2280 te
205 2215 445 2290 virum,
494 2231 665 2279 antea
699 2235 1010 2306 paganum
1050 2262 1069 2290 ‚
1120 2213 1519 2291 haereticum,
1558 2212 1816 2307 flagitiis

112 2302 413 2398 quibusve
450 2304 792 2373 obnoxium
830 2353 851 2382 ,
908 2309 1158 2398 inopina
1217 2327 1419 2374 morte
1481 2306 1816 2374 decedere„

114 2401 449 2491 contigerit
488 2447 509 2475 ,
548 2402 717 2465 illico
756 2403 986 2477 coelesti
1029 2399 1321 2467 fruitione
1346 2451 1367 2480 ,
1431 2399 1537 2467 seu
1585 2401 1816 2469 vifione

117 2495 239 2562 Dei
261 2492 421 2582 fitcie
455 2493 758 2584 adfaciem
804 2502 1083 2588 potitur,
1136 2522 1268 2586 quae
1319 2494 1405 2562 est
1453 2494 1579 2562 sors
1606 2502 1821 2564 Beato-

121 2612 264 2654 rum
305 2636 318 2650 .
369 2590 578 2673 Qare
638 2592 724 2657 ait
773 2590 1263 2680 Chrysostomus
1324 2594 1387 2657 in
1421 2589 1816 2684 Expofitione

121 2684 343 2774 prioris
406 2683 689 2773 Epistolae
771 2686 848 2752 ad
903 2688 1264 2756 Corinthios
1322 2693 1427 2772 (2)
1486 2695 1568 2754 τὲ
1588 2703 1679 2767 μὲν
1716 2698 1818 2756 cm*

1037 2786 1089 2848 L
1655 2796 1813 2858 βασι-

1899 313 2024 370 ΟΑΡ.
2062 312 2172 369 xm

128 2987 133 2989 ,
177 2944 240 2996 [1]
270 2946 387 2998 Epin-
409 2957 570 2986 ctvrr.
591 2950 690 3000 Cap.
712 2952 792 2989 111.
823 2955 854 2996 §-
872 2963 937 2991 ιε.
1047 2956 1107 3002 (z)
1138 2948 1814 3008 Hormi-xz,Cap.xv.pag.689.Edi-

132 2997 229 3041 edit.
258 3003 423 3044 Mauriu.
456 3003 547 3043 alias
579 3005 694 3055 Epist.
715 3016 936 3062 zxxmx.
991 3005 1449 3052 tioniscommelinianae,
1470 3018 1672 3048 noem.
1691 3006 1726 3047 in
1745 3003 1812 3046 fol·
