2535 3862
609 238 709 293 ΧΠ
1032 214 1892 283 PRAEFATIOL

606 324 699 395 tis
735 312 1208 386 Vasculorum
1262 319 1368 400 (1)
1391 374 1416 409 9
1468 313 1540 382 in
1570 309 1822 408 quibus
1847 313 2186 405 imagines
2212 312 2311 385 sa·-

603 441 754 496 cras
783 442 872 489 ex
898 440 1067 488 auro
1102 417 1456 488 brasteato
1499 412 1983 509 expresserunt
2033 436 2311 490 veteres

602 517 995 595 Christiani
1022 583 1045 618 9
1070 519 1144 588 &
1169 517 1501 615 profanas
1540 518 1771 589 iconas
1798 517 2101 612 pagani:
2141 543 2307 613 ope-

601 649 701 697 rae
726 623 1042 718 pretium
1067 621 1220 695 fore
1246 623 1449 718 duxi,
1465 616 1881 692 methodum
1900 681 1924 716 9
1951 639 2092 715 qua
2117 638 2311 691 uten-

603 728 776 800 dum
801 723 894 796 est
919 725 1008 797 ad
1035 725 1160 796 illa
1185 723 1609 798 conficienda
1631 718 2025 793 describere
2041 785 2065 819 ⁹
2092 720 2164 789 δε
2192 745 2311 816 po-

603 827 805 901 steris
837 830 1259 900 memoriam
1309 824 1576 923 opificii
1597 845 1944 922 perquam
1972 824 2169 894 utilis
2194 848 2310 895 ex*

603 952 908 1027 ponere:
963 932 1278 1003 maxime
1331 930 1499 1028 quia
1538 925 1766 997 nostra
1803 944 2013 998 :etate
2037 923 2312 997 summa

599 1036 673 1105 in
697 1033 794 1103 eis
826 1032 1164 1126 persediio
1193 1030 1724 1104 commendatur
1747 1033 1888 1115 (2);
1936 1027 2037 1097 ita
2059 1046 2140 1098 ut
2157 1025 2311 1114 Jas-

599 1134 800 1232 pides
829 1134 1056 1226 nigrae
1082 1197 1107 1232 ‚
1161 1135 1426 1207 virides
1454 1196 1478 1232 9
1528 1131 1761 1203 rubrae
1791 1159 1808 1205 3
1853 1129 2163 1202 Achates
2185 1152 2308 1245 isa«

2174 1254 2312 1303 rie·

650 1403 715 1452 (1)
740 1400 995 1455 Offervazioni
1016 1398 1127 1455 sopra
1152 1404 1286 1443 alcuni
1298 1406 1430 1445 Fram-
1486 1404 1610 1446 bemus
1637 1405 1787 1459 egregia
1816 1417 1931 1451 opera
1957 1405 2095 1445 musiva
2111 1432 2125 1449 ‚
2152 1418 2231 1458 quae
2259 1405 2310 1445 ab

598 1458 713 1496 menti
742 1451 782 1495 di
812 1459 908 1507 Vafi
932 1457 1080 1495 antichi
1110 1458 1152 1495 di
1165 1461 1276 1496 Vetro
1306 1460 1430 1499 ornati
1485 1462 1593 1498 Petro
1607 1461 1743 1498 Adanu·
1755 1458 2037 1511 Neapolitano,
2052 1473 2168 1512 nuper
2185 1458 2311 1499 defun-

595 1511 637 1547 di
653 1512 778 1561 figure
789 1536 804 1553 ,
834 1510 981 1549 trovati
1010 1512 1066 1548 ne’
1084 1510 1251 1560 Cimiterj
1283 1513 1321 1550 dt
1352 1517 1427 1552 Ro·
1481 1512 1719 1563 &mitemque
1736 1512 1782 1549 ab
1802 1515 1935 1564 Equite
1951 1515 2057 1551 Petro
2068 1516 2200 1552 Paullo
2209 1513 2311 1552 Chri.

598 1577 662 1600 ma
680 1571 761 1603 29‘c.
1466 1566 1629 1619 stophoro
1643 1569 1807 1604 Romano
1818 1592 1832 1609 ,
1862 1565 1960 1606 Viro
1990 1566 2114 1606 nostro
2139 1581 2218 1605 aevo
2233 1565 2307 1605 cla-

657 1617 720 1665 (2)
748 1615 939 1655 Excellunt
966 1617 1079 1656 modo
1091 1616 1129 1654 in
1145 1617 1256 1656 Urbe
1273 1620 1426 1660 Carolus
1480 1618 1617 1658 risfimo
1630 1630 1885 1670 coagmentata
1900 1616 1979 1657 sunt
2000 1643 2009 1654 .
2028 1620 2089 1656 Ab
2102 1630 2306 1669 utroque,

595 1668 761 1717 'Anghier
776 1673 963 1709 Romanus
977 1669 1135 1708 Aurifex
1149 1695 1163 1712 ,
1180 1670 1272 1708 filius
1287 1672 1424 1709 Adria·
1478 1670 1577 1711 enim
1591 1671 1711 1710 multae
1726 1684 1760 1710 ta
1768 1670 2049 1723 bt11ae2proecipue
2065 1669 2102 1710 in
2119 1669 2306 1711 sacrosan.

597 1720 640 1757 ni
656 1719 811 1758 Lutetiae
827 1721 1049 1761 Parifiorum
1063 1723 1139 1760 nati
1156 1748 1169 1764 ,
1180 1721 1324 1774 pariter
1344 1726 1423 1761 Au·

596 1770 714 1811 rificis
726 1798 741 1814 ,
756 1771 819 1822 qui
836 1773 957 1824 paucis
987 1773 1033 1810 ab
1050 1774 1155 1813 heinc
1180 1776 1279 1812 annis
1292 1779 1422 1814 Romae

596 1822 727 1862 vivere
745 1824 867 1869 defiit,
886 1830 921 1864 8<
937 1825 1035 1865 idem
1050 1826 1171 1877 operis
1184 1841 1294 1878 genus
1325 1827 1423 1879 opti-

596 1891 654 1915 me
671 1875 1065 1930 callebat-Christianus
1083 1880 1425 1924 FriciericusDehn,

594 1930 730 1968 Svecus
747 1954 761 1971 ,
789 1944 835 1967 ex
862 1930 1062 1970 Provincia
1083 1931 1328 1974 pomerania,
1356 1933 1424 1983 qui

594 1981 799 2021 maximam
816 1995 1045 2032 gemmarum
1072 1984 1217 2029 copiam
1248 1982 1343 2023 hisee
1363 1984 1422 2022 vi-

597 2033 670 2074 tris
685 2032 832 2072 effinxit
849 2061 863 2077 ,
891 2039 926 2073 &
945 2037 1111 2074 eamdem
1123 2035 1292 2088 quotidie
1309 2037 1421 2076 adau-

596 2099 661 2138 get
677 2086 829 2138 gemmis
856 2087 1112 2140 infignioribus
1131 2116 1140 2126 .
1171 2090 1316 2128 Harum
1333 2103 1426 2133 vero

596 2139 864 2191 elegantiarum
877 2139 1010 2182 seriem
1027 2168 1042 2185 ,
1071 2142 1234 2181 venalem
1260 2142 1423 2194 praebet:

597 2191 672 2229 five
688 2192 800 2231 etiam
811 2196 954 2246 Ectypa
974 2195 1021 2232 ab
1038 2194 1110 2234 illis
1139 2195 1335 2248 diligenter
1351 2198 1417 2236 du-

595 2247 650 2284 &a
669 2270 684 2287 2
697 2244 882 2296 plusquam
898 2246 995 2284 mille
1022 2261 1175 2288 nurnero
1193 2274 1201 2282 .
1231 2248 1416 2287 ‘Praeterea

594 2297 822 2349 Augustinus
838 2303 984 2349 Menga
1002 2300 1283 2351 Neapolitanus,
1300 2300 1417 2348 cujus-

595 2350 653 2387 vis
676 2350 820 2398 generis
846 2348 989 2390 fiffitias
1019 2352 1225 2400 hujusmodi
1255 2367 1415 2405 gemmas

594 2391 731 2442 conflat
751 2428 760 2437 ·
791 2403 845 2440 Hi
861 2416 983 2442 autem
1005 2420 1128 2445 omnes
1143 2405 1312 2458 singulari
1327 2420 1413 2457 pro-

594 2456 794 2506 pemodum
821 2455 983 2497 artificio
1014 2457 1089 2497 illas
1106 2459 1301 2510 perficiunt
1317 2475 1328 2503 3
1359 2459 1411 2498 ita

595 2520 634 2545 ut
651 2506 723 2546 five
739 2522 868 2560 opacas
899 2510 1001 2550 malis
1018 2537 1032 2554 ,
1060 2512 1131 2550 {ive
1151 2511 1414 2555 translucidas.-

595 2559 661 2599 nifi
678 2562 723 2600 ad
741 2574 862 2601 rotam
874 2589 888 2605 ,
915 2576 1100 2615 tamquam
1128 2566 1174 2604 ad
1191 2565 1355 2618 Lydium
1366 2565 1413 2602 la·

595 2613 717 2665 pidem
730 2640 745 2656 ,
759 2616 1014 2666 experimento
1029 2617 1247 2669 probaveris
1262 2645 1277 2661 ,
1312 2631 1418 2657 veras

596 2663 663 2702 ess'e
676 2680 834 2715 gemma5
850 2680 955 2718 putes
976 2683 982 2704 .-
1002 2674 1038 2708 &
1054 2669 1078 2706 fi
1093 2670 1199 2710 anulo
1226 2670 1300 2708 illas
1319 2670 1412 2709 inse-

595 2717 714 2756 rueris
731 2734 740 2762 3
757 2717 920 2769 quisquis
939 2721 1075 2761 viderit
1092 2738 1103 2765 5
1135 2722 1302 2773 idemque
1320 2724 1412 2763 artis

596 2770 736 2822 peritus
761 2771 801 2809 sit
820 2797 833 2813 ,
847 2771 952 2812 facile
969 2774 1192 2825 decipiatur.
1210 2776 1409 2816 Materiam

597 2836 691 2862 vero
704 2824 780 2876 ipsis
791 2826 961 2875 operibus
984 2826 1158 2867 faciundis
1173 2829 1339 2879 praestare
1357 2827 1411 2870 so-

591 2875 642 2914 ict
655 2878 807 2919 Alexius
823 2879 1001 2919 Mattioti
1026 2879 1117 2930 (cui
1141 2880 1319 2935 potissime
1344 2882 1410 2923 de-

1477 1723 2021 1767 c'taVaticanaBafilica,aeterno
2032 1722 2207 1764 teflellato
2222 1738 2304 1776 ope-

1478 1789 1518 1813 re
1536 1774 1699 1815 confecta
1716 1775 1932 1827 spefiiantur.
1953 1779 1968 1819 )
1984 1802 1994 1812 .
2011 1779 2169 1815 Alex-ius
2185 1776 2304 1828 igitur

1479 1829 1620 1867 vitreas
1637 1825 1727 1867 offas
1751 1840 1854 1878 parat
1869 1829 2025 1881 gemmis
2055 1828 2205 1868 faffitiis
2221 1844 2303 1870 con-

1481 1881 1609 1920 flandis
1628 1879 1732 1920 valde
1747 1881 1894 1921 idoneas
1910 1909 1919 1918 .
1935 1882 2003 1921 Sed
2015 1895 2054 1921 ut
2072 1882 2298 1933 ingenium..

1480 1933 1556 1971 viri
1572 1932 1763 1972 Extraneis
1790 1933 1902 1972 etiam
1932 1934 2139 1975 hominibus
2154 1935 2298 1975 innote-

1478 1985 1573 2030 seat3
1590 2001 1662 2026 non
1677 1986 1774 2025 enim
1801 1987 1845 2025 de
1875 1987 1996 2027 trivio
2012 2014 2026 2031 ,
2057 1986 2298 2040 vulgaresque

1475 2038 1638 2078 homines
1653 2038 1889 2091 proponimus
1909 2066 1918 2076 .
1945 2041 1980 2079 Is
1992 2054 2217 2092 purpureum
2229 2057 2292 2082 co-

1479 2090 1595 2132 lorem
1613 2118 1628 2134 ,
1643 2105 1717 2142 quo
1731 2094 1747 2134 J
1751 2090 1889 2143 aspides
1917 2092 2065 2132 faetitiae
2081 2092 2214 2134 coloris
2230 2107 2292 2133 ru-

1478 2143 1539 2181 bri
1550 2157 1727 2196 parantur
1742 2172 1757 2189 ,
1786 2144 1850 2185 suo
1866 2145 1983 2187 studio
1998 2144 2213 2197 adsequutus
2228 2148 2293 2191 est,

1473 2202 1509 2236 ὃ(
1525 2197 1561 2236 in
1581 2213 1625 2238 eo
1640 2200 1685 2237 ad
1704 2196 1890 2250 sexaginta
1920 2201 2053 2251 gradus
2080 2199 2216 2240 coloris
2233 2213 2296 2239 ru-

1474 2250 1564 2299 bri(
1583 2264 1691 2302 quam
1705 2251 1845 2291 §calam
1861 2251 2066 2304 appellant)
2082 2278 2097 2295 ,
2123 2266 2296 2304 nempe)

1472 2316 1491 2338 a
1510 2302 1660 2344 rosaceo
1675 2303 1865 2344 subalbido
1880 2307 1926 2344 ad
1941 2318 2164 2357 purpureum
2179 2304 2296 2346 serici

1470 2353 1585 2394 villofi
1596 2355 1823 2394 mirabiliter
1838 2357 2009 2408 pervenit
2023 2384 2037 2401 ,
2067 2357 2136 2397 fine
2152 2356 2290 2410 quibus

1466 2420 1646 2459 perpauca
1659 2410 1845 2460 praestaret
1870 2422 1929 2448 ars
1941 2410 2136 2449 musivaria
2153 2438 2162 2447 .
2194 2410 2289 2451 Por-

1467 2473 1511 2500 ro
1527 2460 1607 2501 illuc
1625 2461 1885 2501 deveneramus
1902 2489 1918 2505 ,
1945 2475 1985 2502 ut
2001 2478 2114 2516 quum
2130 2463 2291 2512 ejusdem

1469 2512 1605 2565 coloris
1621 2514 1834 2553 mufivarius
1850 2516 2033 2568 indigeret
2050 2543 2063 2560 ,
2091 2530 2201 2568 opera
2220 2531 2287 2555 ve-

1469 2567 1618 2607 tustiora
1643 2566 1781 2607 necess'e
1805 2568 1959 2607 haberet
1986 2568 2178 2611 dissblvere
2196 2595 2213 2613 ,
2240 2584 2286 2611 ae

1471 2619 1594 2658 delere
1611 2646 1620 2656 .
1639 2620 1719 2658 Alia
1746 2635 1889 2673 quoque
1920 2622 2115 2661 laudabilia
2131 2648 2147 2666 ,
2173 2635 2285 2673 atque

1467 2671 1569 2709 utilia
1595 2674 1735 2724 praestat
1769 2676 1927 2715 Alexius
1955 2673 2056 2715 felici
2071 2676 2203 2727 ingenii
2230 2675 2286 2716 sui

1467 2737 1627 2769 conatu3
1653 2725 1703 2763 ita
1733 2739 1772 2765 ut
1800 2728 1926 2780 dignus
1952 2727 2016 2768 illo
2043 2730 2183 2769 honore
2199 2753 2214 2771 ‚
2241 2734 2281 2768 ὅ(

1465 2776 1752 2829 compensatione
1770 2781 1962 2820 censendus
1975 2781 2016 2820 fit
2029 2808 2044 2825 ,
2065 2795 2172 2834 quem
2186 2780 2282 2820 cala-

1466 2831 1572 2869 mitas
1598 2832 1804 2873 nostrorum
1830 2847 2064 2887 temporum,
2095 2832 2152 2872 vel
2167 2831 2248 2876 iero
2251 2864 2277 2885 Ἀ

1464 2883 1525 2922 vel
1549 2883 1696 2924 minime
1722 2888 1888 2938 rependit
1906 2912 1916 2923 .
