2535 3862
506 226 1413 288 ExpchTusPARsII.
1732 225 1799 290 σς

121 329 401 402 Gualdus
427 383 430 386 .
459 336 660 420 Eques
712 328 916 397 Sancti
958 328 1246 419 Stephani
1312 331 1374 392 in
1416 327 1670 396 Porticu
1710 329 1810 391 Li-

119 427 373 494 berianae
412 424 680 490 Bafilicae
714 424 1147 489 collocandum
1194 427 1476 488 curavit.
1513 421 1610 487 Ibi
1657 443 1808 488 vero

114 524 314 586 minus
351 539 485 609 apte
517 521 806 607 Sculptor
845 515 901 581 se
947 515 1125 607 geffit
1162 544 1177 579 ε
1235 539 1356 579 non
1421 520 1582 580 enim
1623 517 1810 607 Spiri-

115 634 212 680 tus
247 616 503 680 Sanctus
557 611 808 700 adparet
853 612 914 673 in
954 608 1147 698 specie
1200 608 1587 674 Columbae.
1625 618 1809 675 Atta-

114 733 255 772 men
292 732 358 772 ea
394 708 550 772 forte
605 708 840 768 ratione
879 702 1260 770 Columbam
1303 700 1509 767 omisit
1547 749 1566 777 ‚
1632 725 1807 790 qua„

116 799 584 866 descendentem
662 822 887 888 aquarn
953 817 1187 888 typum
1247 798 1460 860 Fontis
1539 798 1805 883 Spiritus

117 894 323 961 Sancti
351 891 487 959 satis
527 891 966 957 demonstraret
993 939 1010 956 .
1036 895 1137 958 Sic
1176 888 1507 980 aliquando
1545 891 1602 951 in
1638 891 1809 972 huju-

118 985 389 1054 scemodi
436 989 733 1054 Nummis
789 989 1094 1079 argenteis
1152 984 1382 1052 Christi
1455 983 1808 1071 Baptismad

118 1081 541 1172 exprimebant
595 1086 882 1149 Proceres
948 1079 1326 1172 Reipublicae
1393 1080 1807 1155 florentinae,

118 1173 555 1242 consuetudine
608 1175 824 1244 eodem
865 1194 1234 1269 argumento
1279 1177 1537 1241 minime
1576 1175 1810 1263 impro-

121 1268 348 1337 banda.

126 1937 411 2002 Alteram
452 1937 763 2004 Picturam
832 1930 1069 2024 profert
1113 1936 1498 2023 Ciampinius
1555 1939 1678 2010 (ι)
1734 1951 1828 2005 exa

125 2031 473 2120 pervetusta
498 2029 1172 2116 AEdeWSanPtiJoannis
1219 2030 1280 2088 in
1322 2033 1556 2099 Fonte,
1600 2035 1730 2108 qu'ae
1775 2044 1808 2081 a

128 2127 348 2189 Neone
391 2122 693 2214 Episcopo
741 2170 760 2198 ‚
818 2124 876 2185 in
909 2123 1186 2187 Civitate
1228 2127 1535 2186 Ravennae
1596 2113 1812 2178 instau-

129 2237 256 2282 rata
295 2266 316 2296 ‚
370 2239 549 2308 atque
593 2234 803 2281 ornata
857 2214 976 2277 fuit
1018 2216 1258 2301 Saeculo
1304 2238 1365 2277 v.
1419 2233 1636 2298 nempe
1684 2213 1813 2272 An-

131 2334 208 2376 no
255 2335 543 2377 ccccm.
598 2308 797 2396 ibique
865 2309 1130 2398 Spiritus
1197 2306 1453 2374 Sanctus
1519 2302 1625 2368 sub
1689 2307 1813 2367 Co-

134 2405 354 2471 lumbae
393 2404 584 2496 specie
627 2402 915 2468 advolare
972 2404 1242 2467 cernitur
1289 2449 1303 2463 .
1375 2410 1468 2467 At
1508 2396 1816 2489 jordanes

138 2501 291 2563 inter
345 2525 528 2589 aquas
578 2495 854 2588 adsurgit
890 2494 1089 2589 figura
1142 2498 1406 2561 hominis
1448 2543 1467 2571 ,
1525 2497 1594 2557 iis
1638 2490 1817 2556 deco-

139 2612 304 2658 ratus
347 2591 612 2686 insigniis
659 2641 678 2669 ‚
736 2616 862 2679 quae
909 2591 1294 2657 Fluminibus
1341 2615 1374 2654 a
1405 2589 1662 2681 Paganis
1707 2586 1818 2648 tri-

139 2686 517 2764 buebantur,
551 2690 629 2751 ita
653 2682 940 2775 inscripto
976 2689 1220 2751 nomine
1271 2680 1644 2749 mamm:
1687 2681 1822 2744 Ali-

143 2780 293 2871 quid
353 2801 558 2847 autern
607 2778 1124 2871 Sacroprofanum
1182 2783 1242 2845 in
1302 2775 1566 2844 Ecclesia
1619 2772 1817 2927 adlfmc

1637 2892 1695 2931 in
1726 2891 1824 2929 anm

201 3012 262 3058 (1)
292 3011 422 3049 Vener.
437 3008 600 3049 Monim·
618 3009 745 3048 Par-1.
767 3007 962 3060 Cap.xxv.
978 3005 1084 3049 Tab.
1105 3017 1195 3044 Lxx.
1281 3016 1292 3031 ³

1932 348 2048 387 (ΑΡ.
2095 346 2150 384 Vx
