2535 3862
581 165 1447 231 GLYPTOGRAPHICA.
1772 192 1857 248 77

143 247 608 322 illustrationem
653 258 861 324 uostrae
899 263 1181 326 Gemmae
1222 306 1241 335 ,
1299 278 1367 324 ut
1419 256 1572 325 infra
1613 267 1717 339 (1)
1775 264 1856 327 le·

141 346 428 436 gentibus
473 342 810 418 innotescet
837 402 850 416 .

1967 503 2086 540 CAP.
2110 503 2236 539 xmv

1936 607 2033 647 lares
2048 636 2059 651 ,
2084 608 2150 660 qui
2174 611 2296 647 Gem-

137 518 566 707 BArbaris
616 523 898 611 equidem
956 525 1339 613 temporibus
1373 573 1391 601 ‚
1441 524 1673 591 scilicet
1730 524 1860 601 post
1911 554 2131 605 sculptores
2178 569 2294 594 com-

336 613 623 680 occasum
661 620 928 681 Romani
974 621 1275 705 Imperii,
1317 622 1376 680 in
1426 603 1855 697 Orientalem‚

135 733 312 800 atque
357 710 831 775 Occidentalern
877 712 1309 775 Monarchiam
1357 710 1626 777 distraffi
1654 761 1673 789 ,
1725 718 1857 803 plu-

81 857 84 860 .
133 829 225 870 res
270 810 548 871 Gemmae
594 801 903 894 insculptae
941 801 1191 869 fuerunt
1225 831 1259 869 a
1302 809 1537 871 Graecis
1575 854 1595 882 ,
1636 803 1699 873 ὅ(
1746 814 1858 872 La-

138 901 281 962 tinis
308 947 330 975 ,
367 897 780 986 Dogmatibus
834 896 1224 965 Orthodoxis
1262 900 1521 965 addistis
1548 949 1567 977 ‚
1607 903 1854 989 aliaeque

135 995 366 1083 pariter
410 991 483 1055 ab
532 992 899 1057 Eterodoxis
936 1042 957 1070 ,
1014 1017 1277 1083 quarum
1340 997 1552 1083 aliquae
1617 999 1719 1060 aeri
1776 999 1857 1060 in-

136 1084 269 1152 cisae
304 1135 324 1163 ,
388 1083 451 1152 ὃς
507 1086 768 1174 publicis
818 1091 983 1176 typis
1031 1086 1258 1154 excuser:
1315 1093 1372 1153 in
1434 1092 1661 1180 Vulgus
1722 1093 1865 1155 illu-

138 1181 334 1246 stratae
390 1181 805 1267 prodierunt3
869 1184 1072 1271 plures
1133 1204 1340 1249 autem
1401 1183 1601 1248 adhuc
1667 1187 1858 1250 latent

138 1280 194 1340 in
241 1274 471 1341 Museis
518 1275 874 1342 clarioribus
906 1325 918 1338 .
968 1282 1209 1343 Verum
1253 1281 1504 1342 minime
1546 1281 1675 1343 noti
1721 1277 1859 1344 sunt

134 1373 388 1436 illorum
426 1369 685 1436 artifices
711 1419 731 1447 ,
774 1395 1039 1460 quorum
1080 1375 1248 1437 nulla
1284 1397 1582 1462 umquam
1626 1376 1859 1438 mentio

132 1468 407 1529 occurrit
442 1464 606 1553 apud
651 1468 997 1555 Scriptores
1040 1490 1335 1546 coaevos;
1392 1466 1498 1531 etfi
1544 1469 1857 1532 nonnullae

134 1556 445 1647 insculpta?
470 1562 750 1624 Gemma-e
791 1559 1120 1647 aliquando
1157 1562 1356 1626 obiter
1388 1580 1861 1625 memorentur„

132 1655 284 1719 Illas
324 1655 517 1745 igitur
550 1678 762 1718 ornnes
799 1651 1001 1718 missas
1039 1651 1198 1717 facio
1226 1700 1246 1729 ,
1283 1654 1448 1742 quod
1490 1679 1611 1719 non
1651 1656 1862 1743 utique

130 1768 408 1841 gemmas
435 1794 455 1825 ,
495 1745 596 1813 sed
636 1768 1031 1840 gemmarum
1069 1749 1379 1814 caelatores
1422 1747 1697 1840 proferre
1734 1797 1754 1825 ,
1798 1747 1863 1815 ἃ

132 1841 333 1931 quoad
373 1842 515 1907 licet
554 1866 911 1908 enumerare
949 1841 1334 1910 decreverim
1376 1894 1389 1908 .
1426 1846 1699 1935 Joannes
1755 1846 1866 1910 Al-

133 1937 344 2001 bertus
408 1936 718 2004 Fabricius
779 1939 840 1999 in
907 1936 1369 2027 Bibliographia
1427 1940 1804 2026 Antiquaria
1839 1987 1857 2014 9

135 2030 230 2094 De
275 2030 737 2119 Glyptographia
784 2075 805 2104 ,
868 2031 951 2093 ita
1010 2032 1381 2117 generaliter
1438 2028 1650 2095 scribit
1711 2038 1860 2110 (2).

136 2126 275 2190 Fuit
310 2125 421 2188 haec
442 2124 685 2211 scientia
708 2171 727 2199 ,
753 2120 912 2213 quafi
928 2124 1266 2210 postliminio
1300 2146 1573 2190 revocata
1610 2124 1679 2188 ab
1701 2123 1864 2213 Ursi-

135 2246 199 2282 no
223 2267 242 2295 ,
274 2218 487 2285 Gallaeo
510 2266 530 2294 ,
548 2219 601 2281 le
623 2215 753 2284 Pois
775 2263 796 2293 ,
824 2217 1012 2281 Pierio
1051 2216 1344 2280 Valeriano
1370 2266 1389 2294 ,
1415 2219 1633 2283 Gorlaeo
1653 2266 1671 2295 ,
1704 2217 1867 2307 Chys-

121 2312 294 2402 flecio
321 2360 342 2389 ,
379 2310 634 2378 Kirkero
663 2360 683 2388 ,
727 2312 1031 2401 Augustino
1071 2310 1322 2377 Romano
1357 2358 1377 2387 ‚
1428 2313 1666 2378 Caninio
1697 2361 1716 2388 ,
1755 2313 1864 2378 Ba-

133 2413 326 2500 garrio
352 2455 370 2483 ,
417 2407 737 2473 Reicheltio
776 2405 1279 2496 Argentoratetfi‚
1321 2407 1590 2497 aliisque.
1634 2412 1721 2472 Ea
1759 2433 1864 2474 ve-

140 2526 214 2568 ro
254 2498 371 2566 fuit
419 2501 683 2566 Fabricii
730 2524 901 2565 mens
936 2548 957 2578 ‚
1013 2518 1084 2566 ut
1142 2498 1438 2590 quosdam
1497 2506 1889 2596 recentiores⁴

143 2598 484 2685 Scriptores
519 2643 538 2672 ,
587 2598 692 2686 qui
735 2594 808 2660 de
843 2597 1129 2675 Gemmis
1171 2598 1433 2685 antiquis
1474 2599 1694 2662 caelatis
1742 2617 1861 2663 tra-

142 2692 387 2757 &arunt
431 2738 451 2767 ,
498 2689 841 2756 indicaret:
889 2692 1060 2757 nullo
1103 2690 1337 2770 mod0‚
1391 2696 1866 2759 Gemmarum-³

145 2787 497 2874 Sculptores
536 2786 858 2872 antiquos,
902 2806 1006 2851 aut
1041 2788 1443 2852 recentiores.
1732 2790 1862 2854 Pri-

197 2882 257 2924 (1)
297 2878 393 2915 Vide
413 2879 515 2928 Cap.
531 2889 631 2915 xxv¹
649 2889 685 2914 ι·
1041 2879 1146 2917 Edit.
1166 2880 1225 2916 11.
1258 2881 1292 2916 ῖη
1310 2894 1349 2928 4.
1372 2879 1588 2931 Hambutgi
1604 2907 1618 2923 ,
1653 2882 1686 2917 3<
1706 2880 1832 2930 Lipfiae
1848 2906 1859 2916 .

203 2936 266 2981 (ι)
297 2932 450 2985 Cap-v·
482 2932 578 2972 Sec}-
598 2934 652 2972 11.
680 2936 770 2976 §·5.
792 2945 878 2985 pag.
898 2943 986 2978 125.
1041 2937 1118 2974 An·
1137 2943 1389 2972 Moccxvx.

1910 676 1988 700 mas
2010 664 2221 701 inciderunt
2237 677 2294 699 ae-

1910 731 1959 755 vo
1994 716 2165 755 inferiori
2201 742 2215 759 ,
2256 716 2294 753 in

1911 770 2075 811 obscuro
2096 800 2104 809 0
