2535 3862
597 208 1462 272 GLYPTOGRAPHICA.
1801 229 1882 290 53

172 295 376 365 Graeci
425 295 702 362 Artificis
746 347 767 376 ‚
830 299 1069 388 ectypis
1114 302 1298 364 cereis
1345 304 1495 366 olim
1543 300 1825 366 oblatum
1867 349 1891 379 ,

168 388 515 460 admodum
556 389 755 458 arrifit
777 441 796 469 ,
831 391 895 459 ὃς
930 417 1111 482 quem
1153 398 1382 484 Operis
1419 392 1758 462 Censorem
1792 395 1891 462 ad-

164 486 335 552 hibui
374 533 393 562 ,
435 488 835 577 Superiorum
893 488 1180 576 permissu
1225 536 1244 564 ‚
1306 516 1339 554 a
1380 488 1544 554 seriis
1580 540 1599 568 ‚
1653 490 1717 559 ὃς
1752 513 1890 584 gra-

176 579 454 649 vioribus
497 581 1004 670 occupationibus
1043 630 1063 658 ,
1107 580 1327 671 quibus
1369 582 1615 650 adfidue
1659 590 1896 652 incum-

173 679 301 753 bit,
327 697 436 766 per
461 677 864 740 intervallum
904 673 1210 740 divertens
1231 723 1252 752 ,
1282 679 1521 743 Gemmae
1564 679 1897 746 Vifforiunae

169 769 666 861 explanationem
690 770 977 858 praeclare
1000 816 1020 846 ,
1057 788 1239 858 atque
1277 775 1584 864 eleganter
1606 823 1625 852 ,
1654 772 1898 865 sequen⁴

165 872 212 933 ti
262 866 727 956 Epigrammate
753 911 772 941 ,
820 862 1177 954 perstrinxit
1204 915 1218 930 .

256 958 438 1024 Ludit
474 958 680 1023 Amore
726 957 912 1023 Venus
937 1006 959 1036 ,
991 959 1227 1053 ludoque
1249 963 1451 1029 illudit
1486 985 1758 1029 amantem
1784 1013 1797 1028 .

312 1050 484 1144 Signa
523 1051 831 1119 Potes‘latis
858 1054 1069 1142 praebet
1097 1104 1117 1134 ,
1154 1059 1227 1121 &¹
1265 1079 1387 1123 arte
1421 1081 1583 1147 negat
1607 1108 1622 1122 0

267 1149 428 1216 Laettt
453 1149 650 1237 fidens
686 1150 938 1237 cupidum
952 1150 1168 1239 steptri
1199 1156 1342 1218 mule
1373 1176 1599 1246 torquet
1620 1202 1640 1233 ‚
1670 1161 1894 1248 agitque

306 1245 532 1310 Circum
556 1293 576 1323 ,
609 1265 947 1333 perpetuans
982 1249 1260 1337 ingeniossz
1293 1250 1447 1314 dolos
1473 1299 1487 1314 .

263 1341 474 1406 Omnia
512 1346 734 1405 nutanti
763 1347 916 1431 gerit
947 1343 1131 1406 indite
1150 1392 1170 1420 ‚
1205 1365 1382 1409 mente
1405 1345 1642 1435 figuti,

313 1436 391 1500 Et
444 1435 625 1526 Virga
641 1435 899 1525 fragili,
926 1434 1169 1525 faemina
1210 1464 1369 1505 vanu
1396 1488 1417 1517 ‚
1465 1440 1649 1505 Venus
1677 1488 1692 1504 .

260 1530 423 1595 Fidic
451 1529 671 1620 fallaci
711 1531 839 1595 ludo
868 1578 890 1607 ,
935 1537 1031 1621 qui
1048 1534 1197 1619 fidit
1237 1540 1496 1611 amanti,

390 1649 464 1688 uae
484 1626 587 1714 spe
626 1625 921 1713 ludificans
954 1673 974 1702 ‚
992 1628 1080 1714 fit
1099 1628 1223 1718 fibi
1267 1630 1429 1692 ludus
1470 1628 1651 1694 Amor
1675 1677 1691 1693 .

268 1721 435 1786 Fida
468 1723 541 1785 θ’
581 1719 843 1785 instabili
875 1739 1045 1809 puero
1079 1771 1100 1799 ,
1144 1724 1408 1813 quifidt‘t
1434 1724 1681 1801 Amori,

313 1814 507 1910 ‚Quem
524 1816 656 1905 spes
689 1839 848 1883 vanu
883 1818 1069 1882 trahit
1092 1865 1112 1894 ,
1147 1817 1534 1911 mobilituffiue
1577 1825 1725 1910 regit
1756 1870 1770 1885 .

172 1916 332 1979 Sane
375 1911 594 1976 librata
629 1912 889 1978 Veneris
928 1911 1128 1977 indice
1157 1961 1177 1989 ,
1220 1911 1285 1980 ὅ(
1327 1914 1787 1992 circumducta,
1822 1939 1897 1979 ne

173 2009 453 2097 capiatur
494 2005 567 2071 ab
608 2005 793 2071 avido
836 2010 1075 2071 Amore
1121 2008 1344 2095 virga,
1381 2008 1599 2073 ludum
1643 2009 1898 2075 videtur

176 2103 519 2190 exprimere
547 2147 565 2176 ,
604 2123 727 2188 quo
765 2100 933 2163 illam
969 2096 1264 2165 industria
1298 2148 1319 2177 ,
1360 2100 1424 2168 ὅ(
1465 2122 1690 2167 conatu
1735 2101 1898 2168 adfe-

174 2218 370 2285 quens
400 2243 420 2273 ‚
469 2197 814 2285 Imperium
854 2196 914 2257 in
956 2214 1309 2272 amantem,
1360 2193 1462 2261 seu
1494 2196 1896 2274 Potestatem,

175 2314 305 2377 quae
340 2312 447 2380 per
482 2291 748 2382 Virgam
777 2288 1080 2356 indicatur
1105 2337 1126 2367 ‚
1149 2292 1398 2378 proemii
1433 2293 1571 2356 loco
1610 2295 1895 2382 accipiat.

175 2389 366 2453 Hunc
421 2387 721 2476 puerilem
782 2384 1003 2451 ludum
1045 2434 1065 2464 ,
1122 2382 1166 2451 fi
1207 2382 1366 2451 forte
1409 2387 1596 2452 latere
1638 2385 1747 2452 sub
1796 2389 1900 2453 ali-

178 2486 348 2564 cujus
388 2483 632 2546 nomine
657 2527 677 2555 ‚
714 2502 789 2543 ex
823 2483 892 2544 iis
929 2483 1032 2570 qui
1067 2483 1385 2547 innotuere
1420 2488 1522 2561 (1)
1545 2530 1564 2558 ,
1605 2480 1900 2547 arbitran-

178 2574 332 2640 dum
375 2574 456 2639 est
498 2623 518 2652 ,
575 2574 653 2640 ad
699 2570 1066 2665 ‘Bustlindum
1120 2574 1512 2643 referendum
1553 2576 1897 2643 censerem:

180 2693 300 2760 quo
350 2668 479 2735 ludi
528 2689 745 2762 genere
796 2673 978 2737 Pueri
1033 2671 1204 2738 suum
1255 2678 1497 2765 Regem
1550 2696 1657 2764 per
1707 2670 1899 2738 sortes

1719 2771 1903 2860 elige-

243 2936 305 2982 (Χ)
339 2936 412 2976 Adi
441 2935 587 2988 Julium
617 2938 810 2977 Caesarem
839 2939 1026 2990 Bulenge·
1088 2938 1162 2975 lem
1193 2939 1409 2981 Souterium
1441 2963 1450 2977 ·
1507 2939 1644 2990 Capite
1679 2938 1901 2993 proecedcnti

189 3004 273 3032 :um
307 3019 320 3038 ,
353 2993 543 3048 joannem
596 2992 797 3033 Meurfium
823 3019 838 3039 ,
888 2994 1030 3033 Danie-
1089 2992 1253 3033 citatos·

1997 301 2117 344 CAP.
2146 304 2263 347 XVII
