2535 3862
498 225 1392 296 Exn1cATus·PAas1.
1727 248 1791 303 33

112 334 518 433 praeparandis
560 338 860 402 excellens
914 330 1152 399 summa
1213 358 1359 399 cura
1423 330 1796 406 delineavit,

8 506 11 510 ,
113 433 175 501 <Sc
216 431 379 497 buxo
419 431 634 496 incidit
675 477 696 506 ,
743 431 842 516 qui
884 437 910 513 (
948 447 1165 517 praeter
1195 450 1420 492 aeneam
1464 428 1792 502 laminam,

9 535 11 558 ³
109 548 233 614 'quae
272 529 626 590 Nummum
676 524 930 593 AEreum
978 520 1221 585 exhibet
1277 544 1418 584 cum
1468 523 1792 611 Imagines

98 617 252 710 Jesu
297 617 520 683 Christi
564 617 819 682 Domini
861 610 1048 676 nostri
1094 623 1123 693 )
1161 616 1363 676 omnia
1393 613 1542 675 item
1584 616 1643 675 in
1684 637 1791 677 no-

110 711 231 776 stro
259 710 723 777 Commentario
759 709 946 771 relata
988 705 1372 771 Emblemata
1395 750 1416 780 ,
1459 703 1787 795 diligenter

9 887 11 890 Α
109 804 482 880 delineavit,
521 802 583 870 ὅ(
609 801 772 866 buxo
811 801 1038 890 pariter
1064 796 1430 888 insculpfit.v

9 1053 11 1058 Α
106 991 199 1145 S
225 996 393 1057 Aera
433 987 679 1079 quidem
699 996 1003 1056 Veterum
1024 985 1510 1056 Christianorum
1548 986 1783 1076 prolata
1823 953 2207 1059 1322‘1353‘2‘1331.

249 1086 620 1150 monimenta
670 1081 714 1148 fi
761 1087 892 1172 quis
925 1083 1003 1148 ad
1033 1084 1328 1148 trutinam
1362 1083 1515 1146 velit
1539 1103 1784 1144 revoca·
1824 1062 2206 1158 {³72r2‘225,⁶'{²}²„{‘}}}}

10 1212 13 1229 τ
105 1202 170 1243 re
208 1224 227 1253 ,
266 1201 597 1266 eorumque
633 1181 895 1244 alterum
936 1178 1112 1242 alteri
1148 1172 1420 1239 conferre
1443 1222 1464 1252 ,
1489 1175 1637 1239 nihil
1686 1172 1787 1238 ad·
1824 1167 2205 1260 {effetustssffifflbss

1847 1223 1941 1260 acris
1959 1222 2053 1271 pieta
2072 1247 2086 1265 ,
2105 1221 2207 1260 {ir-ni·

103 1271 366 1336 modum
408 1269 641 1360 dispar,
681 1274 830 1337 nihil
861 1270 1142 1337 diffimile
1170 1317 1190 1346 ‚
1215 1288 1317 1333 aut
1354 1266 1664 1333 diversum
1702 1263 1790 1332 of·
1830 1275 2202 1371 Ufoeadiserffrljjlh

105 1362 311 1429 fendet
350 1412 373 1441 ,
430 1368 515 1429 ita
558 1385 626 1430 ut
659 1371 869 1431 oculus
911 1368 1094 1430 oculo
1127 1411 1147 1440 ‚
1204 1360 1371 1427 frons
1420 1359 1656 1438 fronti,
1685 1385 1789 1439 OS,
1831 1343 1992 1420 gratur?
2071 1344 2091 1369 ²¹
2139 1340 2204 1369 ¹¹¹⁰

104 1476 416 1533 mentum,
453 1461 738 1547 capilluS,
776 1463 916 1534 ori,
962 1476 1168 1522 mento
1204 1504 1225 1533 ,
1273 1458 1615 1544 capilloque
1655 1454 1792 1519 ada-

109 1548 355 1618 mussim
395 1548 832 1641 respondeant.
877 1557 959 1616 Et
996 1553 1141 1613 licet
1180 1571 1301 1613 non
1345 1570 1512 1624 un0‚
1550 1546 1792 1611 eodem—

108 1669 221 1735 que
245 1657 520 1734 tempore
546 1648 851 1737 Imagines
895 1639 1197 1709 recenfitae
1236 1638 1452 1707 effictae
1497 1637 1654 1717 sint,
1689 1638 1791 1706 sed

110 1739 421 1823 interjecio
484 1741 755 1830 plurium
817 1737 1179 1804 saeculorum
1216 1734 1410 1826 spatio
1457 1732 1796 1800 discernan-

13 1848 15 1917 J
109 1854 248 1911 tur,
299 1834 533 1898 colores
568 1857 807 1924 quoque
861 1831 1173 1898 coloribus
1225 1831 1656 1920 aequipollent.
1710 1832 1796 1895 Iis

112 1930 300 2018 igitur
357 1925 775 1993 vetustissimis
820 1924 1202 2016 Imaginibus
1246 1971 1268 2000 ,
1329 1949 1397 1987 ac
1459 1920 1797 2012 praesertim

109 2021 365 2087 Romana
413 2029 441 2099 (
482 2045 671 2109 neque
721 2023 882 2084 enim
938 2017 1120 2082 fallor
1164 2027 1192 2099 )
1231 2012 1319 2080 ufi
1362 2038 1475 2104 pro
1525 2035 1800 2104 tempore

116 2111 371 2180 fuerunt
394 2115 659 2180 Piciores
684 2161 703 2188 ,
741 2138 808 2178 ac
844 2112 1179 2187 Statuarii‚
1227 2106 1561 2195 eademque
1602 2111 1803 2173 veteri

111 2207 314 2275 nostro
366 2205 746 2272 Numismati
802 2229 914 2294 per
967 2228 1150 2292 quam
1199 2198 1410 2265 fimilis
1468 2198 1578 2264 effe
1629 2202 1803 2266 vide*

15 2294 17 2296 ’
116 2322 262 2379 tur,
316 2298 363 2365 fi
403 2303 639 2365 colores
667 2347 688 2375 ‚
727 2292 945 2387 quibus
990 2295 1151 2362 illud
1180 2293 1348 2358 idem
1385 2309 1549 2358 caret
1575 2340 1595 2370 ‚
1643 2298 1802 2359 exci-

117 2399 242 2487 pias
264 2444 278 2459 .
305 2394 424 2461 Sed
454 2392 692 2484 praestat
722 2393 817 2458 hic
844 2391 1273 2481 Nicephorum
1301 2386 1510 2454 audire
1535 2435 1555 2463 ,
1593 2390 1798 2455 nullus

16 2572 18 2580 Ι
115 2492 273 2574 enim
304 2491 454 2554 alius
488 2488 647 2553 vadeo
684 2487 967 2580 diligenti
1006 2488 1239 2550 ratione
1279 2479 1506 2548 Christi
1544 2484 1797 2549 vultum

117 2605 222 2671 per
267 2579 525 2675 singulas
588 2601 785 2673 partes
830 2579 1162 2672 vestigavit
1206 2626 1226 2655 ,
1273 2576 1607 2642 delineavit
1648 2624 1669 2654 ‚
1727 2601 1796 2640 ac

119 2699 265 2766 pene
307 2674 579 2768 depinxit
607 2726 618 2742 .

1094 2964 1143 3023 E
1519 2953 1795 3019 Textum
