2535 3862
538 176 1419 241 GLYPTOGRAPHICA.
1758 182 1844 260 83

111 263 435 343 sueverat,
479 285 550 332 ut
592 271 652 335 in
702 267 872 335 libris
909 315 932 344 ,
981 270 1147 334 circa
1198 266 1496 359 quasdam
1543 268 1619 338 ab
1653 269 1718 338 se
1761 275 1850 366 pi·-
1935 274 2078 323 CM»
2108 282 2216 327 XXV

109 363 235 428 aas
266 359 577 429 Historias
600 413 621 442 ,
663 361 850 454 spatia
880 365 1217 446 nonnulla,
1256 364 1422 432 haud
1461 368 1638 435 aliter
1671 393 1848 436 orna-

109 476 204 524 ret
245 464 351 542 (1)
388 506 402 520 .
453 464 545 524 Ex
582 461 700 525 illis
738 482 1091 525 memorare
1131 478 1383 550 oportet
1423 464 1792 552 Spectacula
1822 513 1846 544 ,

105 551 230 619 five
278 552 490 618 Ludos
535 558 778 645 Populo
820 558 1113 620 Romano
1154 556 1312 621 olim
1350 556 1529 622 datos
1568 560 1649 626 ad
1693 562 1848 629 Col-

103 652 228 715 lem
265 647 634 715 Testaceum
675 696 695 725 ,
745 672 1015 738 quorum
1059 650 1355 716 meminit
1415 671 1597 718 vetus
1645 654 1846 728 Urbis

103 749 428 810 Statutum
471 749 588 826 [2]
623 792 638 806 .
702 749 778 809 In
820 746 904 808 eis
947 766 1096 809 vero
1129 790 1151 820 ‚
1205 764 1337 810 tam
1385 749 1592 813 multa
1635 754 1846 839 penni-

102 840 251 904 cillo
280 836 619 904 delineavit
655 841 923 906 Clovius
958 886 980 916 ,
1028 857 1098 904 ut
1145 840 1433 906 veritatis
1481 839 1634 908 fines
1670 868 1842 910 exce·-

94 934 236 999 dere
277 931 567 999 videatur
608 981 629 1011 ‚
689 932 736 999 fi
785 935 923 1025 quis
985 936 1138 1000 velit
1185 935 1395 1001 exacle
1434 934 1781 1024 describere
1819 966 1839 1018 ;

99 1027 395 1096 &tamen
436 1052 658 1094 verum
693 1027 779 1094 est
803 1077 824 1106 ,
859 1030 1072 1095 omnia
1095 1027 1218 1094 fine
1255 1026 1841 1122 impedimentore-

95 1121 326 1188 censeri
364 1120 566 1213 posse:
602 1123 756 1190 adeo
782 1121 1303 1202 ut,famulorum
1350 1128 1686 1220 variegatae
1732 1152 1843 1195 ve-

92 1216 248 1296 steS,
292 1240 441 1307 quas
478 1219 832 1287 Cardinalis
866 1217 1185 1287 Farnefius
1222 1246 1289 1288 ea
1319 1221 1642 1291 occasione
1680 1222 1838 1291 divi·

93 1332 186 1379 tes
220 1312 565 1381 admodum
607 1318 876 1406 protulit
909 1363 932 1394 ,
981 1318 1155 1381 illam
1196 1319 1508 1408 picturam
1552 1316 1842 1411 praestan-

94 1411 320 1474 tiorem
385 1409 653 1476 reddant
701 1460 716 1475 .
775 1416 874 1477 De
929 1409 1279 1502 Sigffmzmdo
1330 1412 1510 1480 Lazii‘e
1577 1412 1838 1481 testatur

79 1508 357 1597 Joannes
396 1508 754 1573 Balleonius
797 1512 901 1591 (3)
936 1556 957 1585 ,
1017 1506 1185 1596 quod
1226 1511 1285 1572 in
1331 1510 1561 1599 lapillis
1608 1512 1839 1599 pretio-

90 1599 165 1664 fis
217 1601 462 1665 Achate
512 1650 535 1679 ‚
613 1603 926 1669 Carneola
963 1648 986 1678 ,
1049 1621 1232 1689 atque
1284 1605 1419 1665 aliis
1479 1601 1837 1687 hujusmodi

86 1691 443 1782 frequenter
486 1698 807 1789 pingeret,
840 1719 974 1784 quae
1007 1694 1347 1785 aliquando
1383 1696 1569 1762 breve
1607 1701 1833 1789 unguis

90 1788 356 1881 spatium
393 1791 576 1883 digiti
618 1792 874 1857 minoris
921 1789 1285 1880 aequabantg,
1314 1790 1608 1858 &tamen
1649 1794 1836 1871 osto,

87 1886 190 1951 vel
230 1882 378 1973 saepe
413 1884 693 1975 pluribus
732 1886 1106 1976 imaginibus
1145 1885 1596 1953 ornatissimam
1647 1886 1834 1954 histo-

90 1983 248 2045 riam
301 1981 365 2044 in
406 1978 642 2044 eisdem
697 1978 1026 2044 efformare
1077 1977 1313 2044 solebat
1346 2028 1367 2057 ,
1422 1983 1645 2067 quibus
1697 1982 1832 2046 dili-

90 2092 304 2169 genter
346 2072 619 2164 expensis
641 2120 663 2150 ,
704 2076 858 2138 nihil
893 2069 1085 2138 deesse
1118 2072 1344 2137 dixeris
1380 2074 1460 2137 ad
1491 2076 1832 2141 habitum-³

90 2170 290 2235 omnis
327 2165 718 2256 perfectionis
756 2216 770 2232 .
813 2169 1010 2233 Multi
1048 2185 1264 2231 autern
1292 2167 1531 2257 pietura
1555 2217 1576 2246 ,
1614 2194 1682 2234 ac
1725 2196 1831 2236 cae·

90 2269 293 2331 latura
320 2265 461 2328 Viri
497 2265 646 2329 clari
682 2260 859 2328 facile
891 2280 1224 2327 occurrent
1245 2311 1265 2339 ‚
1293 2266 1400 2351 qui
1432 2265 1496 2330 in
1531 2288 1832 2353 exequen-

91 2360 186 2425 dis
232 2360 504 2423 minimis
549 2357 880 2448 operibuS,
919 2353 978 2422 se
1014 2379 1203 2447 quam
1238 2359 1510 2422 maxime
1550 2381 1835 2426 exercue-

96 2474 239 2520 runt
273 2500 295 2530 ,
352 2451 416 2521 ὅ(
456 2456 574 2520 hoc
619 2479 755 2521 aevo
798 2454 1026 2546 pariter
1063 2472 1355 2519 exercent
1393 2502 1408 2518 .
1478 2454 1600 2521 Sed
1642 2459 1833 2522 Gem-

1036 2554 1087 2617 L
1142 2574 1176 2614 2
1581 2574 1828 2618 marum

150 2710 214 2758 (1)
248 2707 725 2750 Idem.Par.111.v01.11.
743 2718 929 2764 paga-62.
983 2721 1108 2766 neque
1126 2708 1308 2749 haetenus
1326 2709 1417 2749 alibi
1447 2707 1614 2748 vidimus
1647 2708 1683 2748 in
1702 2710 1830 2760 publi·

149 2769 210 2814 (ι)
243 2764 363 2804 Libro
383 2765 468 2803 111.
488 2765 627 2815 Capite
646 2779 824 2806 rxxvxu
838 2793 847 2803 .
865 2766 925 2806 us·
985 2764 1039 2804 cis
1055 2790 1069 2806 ‚
1085 2777 1127 2803 ac
1148 2765 1307 2816 privatis
1326 2765 1445 2804 Urbis
1462 2763 1747 2809 Bibliothecis,
1764 2779 1830 2805 ne·

97 2837 171 2875 que
207 2831 359 2861 Lxxxvx
376 2831 433 2858 ιι.
480 2818 588 2858 Edit.
625 2820 665 2860 in
699 2821 769 2861 fol.
794 2821 930 2871 majori
988 2832 1062 2870 que
1078 2819 1250 2858 venalem
1270 2821 1306 2858 in
1325 2820 1532 2861 officinis,
1554 2832 1671 2873 atque
1690 2819 1727 2858 in
1743 2822 1830 2873 plu·

100 2875 236 2916 Paullo
256 2877 314 2916 11.
332 2877 491 2914 Summo
513 2874 696 2915 pontifice
711 2901 726 2919 ,
743 2876 932 2915 servatur·
989 2874 1061 2914 teis
1079 2874 1389 2923 Bibliopolarum
1410 2899 1420 2910 .

101 2947 176 2984 que
197 2923 333 2971 Romie
366 2929 404 2970 in
422 2930 663 2970 Bibliotheca
681 2931 829 2986 privata
869 2928 935 2969 Vi·
1045 2934 1106 2976 (3)
1149 2928 1232 2967 Vite
1262 2932 1324 2969 de’
1356 2927 1491 2970 Pittort'
1507 2955 1521 2974 ,
1554 2924 1713 2968 Scultori
1746 2931 1826 2968 wc.

101 2990 310 3028 aeriorum.
329 2985 576 3029 Rariffimarn
591 2986 690 3026 hanc
706 2984 935 3027 editionem,
991 2985 1129 3037 pagina
1147 2990 1235 3034 353.
