2535 3862
748 244 832 285 ιο

644 306 978 401 Cangiurn
1037 305 1111 375 'in
1157 308 1447 375 Familiis
1497 309 1888 397 Byzantinis
1938 308 2087 399 pag.
2119 331 2267 393 139.

647 405 940 469 cumhoc
963 403 1269 468 lemmate
1309 427 1531 482 AEON
1580 401 2276 478 AECHOTHC,Gem-

644 521 747 561 :rna
771 497 976 561 nostra
1001 502 1206 585 igitur
1250 495 1578 586 exscalpta
1625 496 1892 562 videtur
1915 544 1938 573 ,
1975 493 2084 560 vel
2130 516 2275 562 ante

643 615 842 677 quam
890 616 920 654 a
969 609 1150 679 patre
1191 589 1267 653 ad
1289 590 1564 679 Imperii
1608 585 1985 655 societatem
2022 587 2274 654 adsum·-

644 702 791 772 ptus
834 683 1023 760 esset,
1073 682 1182 747 vel
1226 680 1365 773 ipso
1410 680 1739 771 superstite
1789 708 1860 747 ea
1897 683 2031 749 Leo
2068 687 2271 750 animi

644 777 1083 840 moderatione
1119 776 1260 841 usus
1298 775 1425 852 est,
1465 795 1538 839 ut
1583 774 1888 840 inferiore
1932 775 2128 839 titulo
2153 801 2273 841 vo-

643 869 842 934 luerit
882 868 1239 957 appellari3
1277 875 1363 933 ita
1397 874 1470 932 in
1516 892 1708 934 aureo
1749 869 2109 958 Nicephori
2135 915 2157 945 ,
2201 873 2272 936 ὃς·

645 963 958 1026 Stauracii
977 962 1454 1050 Imperatorum
1478 986 1751 1026 nummo
1773 1009 1794 1037 ,
1818 961 1973 1026 licet
1997 961 2112 1026 hic
2133 967 2267 1043 jam

645 1053 1152 1145 Imperatorium
1189 1056 1483 1120 diadema
1522 1054 1850 1144 accepiffet
1872 1102 1894 1131 ,
1943 1073 2122 1143 patre
2168 1075 2279 1119 tam

644 1174 798 1214 men
845 1153 1152 1225 vivente,
1211 1173 1352 1226 non.
1387 1177 1413 1210 Β
1438 1177 1473 1211 A
1496 1172 1520 1211 s
1546 1173 1564 1208 1
1589 1175 1614 1208 L
1638 1175 1665 1208 E
1694 1175 1725 1210 υ
1753 1175 1776 1208 s
1805 1193 1826 1223 ,
1876 1147 2032 1211 idest
2080 1149 2270 1237 Impe-

648 1264 811 1306 rator
834 1290 855 1318 ,
906 1239 1012 1305 sed
1061 1269 1096 1302 o
1122 1271 1148 1303 e
1175 1267 1198 1302 s
1222 1269 1249 1303 Ρ
1272 1269 1306 1303 o
1333 1225 1412 1349 ,τ
1432 1267 1465 1304 A
1492 1288 1513 1316 ‚
1558 1241 1849 1305 Dominus
1875 1240 2009 1303 dici
2035 1240 2269 1307 voluit.

648 1335 787 1400 Adi
829 1332 987 1423 saepe
1010 1332 1344 1400 laudatum
1369 1335 1698 1421 Cangium
1741 1339 1810 1398 in
1836 1331 2266 1399 dissertatione

647 1428 723 1491 de
761 1427 1083 1492 inferioris
1109 1431 1232 1491 aevi
1270 1423 1769 1492 numismatibus
1795 1476 1809 1489 .
1851 1451 2029 1490 num.
2063 1450 2168 1508 35.

856 1519 1266 1586 Consueviffe
1305 1519 1572 1585 Graecos
1632 1519 2064 1610 Imperatores
2110 1566 2132 1595 ,
2194 1545 2268 1584 ac

650 1612 988 1703 Principes
1027 1614 1226 1677 sacras
1249 1612 1432 1678 hasce
1458 1611 1779 1702 Imagines
1827 1617 2102 1702 gemmis
2153 1637 2271 1677 ex-

642 1705 910 1795 scalptas
968 1732 1121 1771 cum
1183 1707 1563 1773 Sanstorum
1633 1705 1926 1796 reliquiis
1971 1754 1993 1782 ,
2049 1712 2256 1770 aureis

644 1798 853 1863 thecis
904 1799 1222 1876 inclusas,
1278 1798 1611 1888 aureisque
1661 1797 1975 1865 catenulis
2020 1825 2052 1863 e
2097 1800 2269 1865 collo

643 1893 721 1957 ad
751 1892 969 1980 pectus
995 1893 1293 1983 adpensas
1315 1891 1810 1961 solemnioribus
1850 1891 2014 1957 festis
2039 1893 2266 1959 diebus

642 1986 884 2075 gestare
908 2034 929 2062 ,
966 1990 1172 2052 ‘veluti
1210 2008 1431 2050 certum
1466 1986 1712 2074 Imperii
1755 1994 1964 2076 pignus
1992 2034 2013 2063 ,
2052 2005 2268 2052 narrat

641 2079 1020 2144 Guntherus
1052 2128 1071 2156 ,
1110 2079 1460 2145 Parifienfis
1484 2078 1805 2146 Coenobii
1839 2086 1909 2144 in
1947 2079 2266 2144 Bafiliensi

643 2171 929 2239 Dioecefi
964 2172 1394 2239 Cistercienfis
1431 2172 1799 2237 Monachus
1826 2221 1849 2249 ,
1899 2177 1967 2235 in
1991 2173 2272 2238 Historia

646 2265 1362 2357 Constantinopolitana
1391 2315 1413 2342 ,
1460 2267 1628 2355 apud
1670 2266 2041 2332 Henricum
2068 2267 2270 2333 Cani-

643 2362 804 2426 fium
826 2410 847 2439 ,
892 2364 1343 2451 Antiquarum
1366 2359 1753 2425 Lestionum
1775 2359 1992 2427 Tomo
2014 2385 2072 2422 v.
2112 2384 2258 2450 pag.

648 2480 799 2537 393.
866 2461 1094 2545 primae
1154 2455 1454 2520 editionis
1478 2503 1501 2532 ‚
1557 2452 1830 2519 referens
1889 2451 2266 2519 Martinum

641 2550 977 2615 Abbatem
1001 2599 1023 2627 ‚
1059 2550 1248 2633 hujus
1286 2555 1539 2639 generis
1575 2572 1831 2613 auream
1857 2547 2159 2624 thecam,
2198 2553 2270 2612 in

642 2645 1009 2734 direptione
1055 2641 1648 2733 Constantinopolis
1695 2661 2076 2730 acceptam,
2141 2646 2270 2705 in„

641 2763 764 2827 qua
793 2759 1025 2827 praeter
1055 2738 1433 2803 Sanstorum
1466 2738 1767 2823 reliquias
1795 2762 1809 2798 :
1859 2742 2016 2799 mirae
2045 2742 2273 2824 magni-

642 2835 866 2898 tudinis
908 2833 1122 2924 &aspis
1159 2833 1416 2899 haerebat
1458 2831 1759 2899 Chriffum
1796 2828 2079 2987 mediumB
2101 2835 2263 2894 inter

2084 2944 2183 2986 ect-
