<?xml version="1.0" encoding="UTF-8"?>
<!DOCTYPE html PUBLIC "-//W3C//DTD XHTML 1.0 Transitional//EN"
    "http://www.w3.org/TR/xhtml1/DTD/xhtml1-transitional.dtd">
<html xmlns="http://www.w3.org/1999/xhtml" xml:lang="en" lang="en">
 <head>
  <title>
</title>
<meta http-equiv="Content-Type" content="text/html;charset=utf-8" />
  <meta name='ocr-system' content='tesseract 3.04.00' />
  <meta name='ocr-capabilities' content='ocr_page ocr_carea ocr_par ocr_line ocrx_word'/>
</head>
<body>
  <div class='ocr_page' id='page_1' title='image "./veterisgemmaeadc01vett_0178.png"; bbox 0 0 2535 3862; ppageno 0'>
   <div class='ocr_carea' id='block_1_1' title="bbox 640 249 1777 409">
    <p class='ocr_par' dir='ltr' id='par_1_1' title="bbox 640 249 1777 409">
     <span class='ocr_line' id='line_1_1' title="bbox 640 249 1777 323; baseline -0.009 -1"><span class='ocrx_word' id='word_1_1' title='bbox 640 276 766 323; x_wconf 73' lang='lat' dir='ltr'><em>xvt</em></span> <span class='ocrx_word' id='word_1_2' title='bbox 1151 249 1777 314; x_wconf 73' lang='lat' dir='ltr'><strong>SYLLABUS</strong></span> 
     </span>
     <span class='ocr_line' id='line_1_2' title="bbox 1405 345 1574 409; baseline -0.012 -1"><span class='ocrx_word' id='word_1_3' title='bbox 1405 345 1574 409; x_wconf 90' lang='lat' dir='ltr'><em>VII</em></span> 
     </span>
    </p>
   </div>
   <div class='ocr_carea' id='block_1_2' title="bbox 636 433 2360 546">
    <p class='ocr_par' dir='ltr' id='par_1_2' title="bbox 636 433 2360 546">
     <span class='ocr_line' id='line_1_3' title="bbox 636 433 2360 546; baseline 0.001 -41"><span class='ocrx_word' id='word_1_4' title='bbox 636 436 1000 527; x_wconf 83' lang='lat' dir='ltr'><em>Disquiritur</em></span> <span class='ocrx_word' id='word_1_5' title='bbox 1032 434 1273 499; x_wconf 85' lang='lat' dir='ltr'><em>conditio</em></span> <span class='ocrx_word' id='word_1_6' title='bbox 1297 440 1527 546; x_wconf 78' lang='lat' dir='ltr'><em>antiqui</em></span> <span class='ocrx_word' id='word_1_7' title='bbox 1549 435 1786 502; x_wconf 85' lang='lat' dir='ltr'><em>Gemmae</em></span> <span class='ocrx_word' id='word_1_8' title='bbox 1810 433 2155 527; x_wconf 73' lang='lat' dir='ltr'><em>pcffiffiris.</em></span> <span class='ocrx_word' id='word_1_9' title='bbox 2184 438 2360 531; x_wconf 75' lang='lat' dir='ltr'><em>,Quid</em></span> 
     </span>
    </p>
   </div>
   <div class='ocr_carea' id='block_1_3' title="bbox 728 529 2355 622">
    <p class='ocr_par' dir='ltr' id='par_1_3' title="bbox 728 529 2355 622">
     <span class='ocr_line' id='line_1_4' title="bbox 728 529 2355 622; baseline 0.002 -28"><span class='ocrx_word' id='word_1_10' title='bbox 728 531 973 596; x_wconf 79' lang='lat' dir='ltr'><em>indicent</em></span> <span class='ocrx_word' id='word_1_11' title='bbox 1015 529 1246 596; x_wconf 84' lang='lat' dir='ltr'><em>Veneris</em></span> <span class='ocrx_word' id='word_1_12' title='bbox 1283 534 1551 622; x_wconf 82' lang='lat' dir='ltr'><em>imagines</em></span> <span class='ocrx_word' id='word_1_13' title='bbox 1602 535 1664 595; x_wconf 81' lang='lat' dir='ltr'><em>in</em></span> <span class='ocrx_word' id='word_1_14' title='bbox 1705 531 1953 597; x_wconf 75' lang='lat' dir='ltr'><em>Gemmis</em></span> <span class='ocrx_word' id='word_1_15' title='bbox 2010 534 2291 622; x_wconf 85' lang='lat' dir='ltr'><em>insculptae</em></span> <span class='ocrx_word' id='word_1_16' title='bbox 2333 581 2355 609; x_wconf 90' lang='lat'>,</span> 
     </span>
    </p>
   </div>
   <div class='ocr_carea' id='block_1_4' title="bbox 638 631 2357 1069">
    <p class='ocr_par' dir='ltr' id='par_1_4' title="bbox 638 631 2357 1069">
     <span class='ocr_line' id='line_1_5' title="bbox 735 631 2355 714; baseline -0.001 -26"><span class='ocrx_word' id='word_1_17' title='bbox 735 631 1026 714; x_wconf 80' lang='lat' dir='ltr'><em>aperitur.</em></span> <span class='ocrx_word' id='word_1_18' title='bbox 2251 653 2277 695; x_wconf 87' lang='lat'>1</span> <span class='ocrx_word' id='word_1_19' title='bbox 2293 651 2355 707; x_wconf 89' lang='lat'><em>7.</em></span> 
     </span>
     <span class='ocr_line' id='line_1_6' title="bbox 1381 721 1606 785; baseline -0.004 0"><span class='ocrx_word' id='word_1_20' title='bbox 1381 723 1444 785; x_wconf 87' lang='lat' dir='ltr'>V</span> <span class='ocrx_word' id='word_1_21' title='bbox 1465 722 1500 783; x_wconf 98' lang='grc' dir='ltr'>Ι</span> <span class='ocrx_word' id='word_1_22' title='bbox 1519 722 1550 784; x_wconf 95' lang='grc' dir='ltr'>Ι</span> <span class='ocrx_word' id='word_1_23' title='bbox 1573 721 1606 784; x_wconf 94' lang='grc' dir='ltr'>Ι</span> 
     </span>
     <span class='ocr_line' id='line_1_7' title="bbox 638 810 2357 905; baseline -0.002 -26"><span class='ocrx_word' id='word_1_24' title='bbox 638 813 733 879; x_wconf 89' lang='lat' dir='ltr'><em>De</em></span> <span class='ocrx_word' id='word_1_25' title='bbox 771 810 1068 880; x_wconf 84' lang='lat' dir='ltr'><em>Inauribus</em></span> <span class='ocrx_word' id='word_1_26' title='bbox 1099 811 1169 878; x_wconf 87' lang='lat' dir='ltr'><em>ab</em></span> <span class='ocrx_word' id='word_1_27' title='bbox 1204 815 1374 880; x_wconf 87' lang='lat' dir='ltr'><em>Aulo</em></span> <span class='ocrx_word' id='word_1_28' title='bbox 1413 813 1651 882; x_wconf 78' lang='lat' dir='ltr'><em>Gemmae</em></span> <span class='ocrx_word' id='word_1_29' title='bbox 1684 814 1972 905; x_wconf 83' lang='lat' dir='ltr'><em>Scalptore</em></span> <span class='ocrx_word' id='word_1_30' title='bbox 2019 811 2221 879; x_wconf 87' lang='lat' dir='ltr'><em>Veneri</em></span> <span class='ocrx_word' id='word_1_31' title='bbox 2253 818 2357 876; x_wconf 81' lang='lat' dir='ltr'><em>tri-</em></span> 
     </span>
     <span class='ocr_line' id='line_1_8' title="bbox 734 907 2356 975; baseline -0.001 -5"><span class='ocrx_word' id='word_1_32' title='bbox 734 907 890 974; x_wconf 86' lang='lat' dir='ltr'><em>butis</em></span> <span class='ocrx_word' id='word_1_33' title='bbox 916 960 930 975; x_wconf 91' lang='lat'><strong>.</strong></span> <span class='ocrx_word' id='word_1_34' title='bbox 2249 931 2356 970; x_wconf 86' lang='lat'><em>20.</em></span> 
     </span>
     <span class='ocr_line' id='line_1_9' title="bbox 1439 1007 1563 1069; baseline 0.008 -1"><span class='ocrx_word' id='word_1_35' title='bbox 1439 1007 1473 1068; x_wconf 95' lang='lat' dir='ltr'>I</span> <span class='ocrx_word' id='word_1_36' title='bbox 1496 1007 1563 1069; x_wconf 92' lang='lat' dir='ltr'>X</span> 
     </span>
    </p>
   </div>
   <div class='ocr_carea' id='block_1_5' title="bbox 640 1052 2354 1186">
    <p class='ocr_par' dir='ltr' id='par_1_5' title="bbox 640 1052 2354 1186">
     <span class='ocr_line' id='line_1_10' title="bbox 640 1052 2354 1186; baseline -0.004 -22"><span class='ocrx_word' id='word_1_37' title='bbox 640 1094 747 1164; x_wconf 78' lang='lat' dir='ltr'><em>De</em></span> <span class='ocrx_word' id='word_1_38' title='bbox 787 1093 1010 1164; x_wconf 77' lang='lat' dir='ltr'><em>Manili</em></span> <span class='ocrx_word' id='word_1_39' title='bbox 1055 1096 1258 1163; x_wconf 82' lang='lat' dir='ltr'><em>Veneri</em></span> <span class='ocrx_word' id='word_1_40' title='bbox 1299 1100 1445 1160; x_wconf 85' lang='lat' dir='ltr'><em>circa</em></span> <span class='ocrx_word' id='word_1_41' title='bbox 1479 1096 1681 1162; x_wconf 85' lang='lat' dir='ltr'><em>collum</em></span> <span class='ocrx_word' id='word_1_42' title='bbox 1719 1095 1993 1186; x_wconf 79' lang='lat' dir='ltr'><em>adpofito.</em></span> <span class='ocrx_word' id='word_1_43' title='bbox 2246 1052 2354 1161; x_wconf 49' lang='lat'><em>26.</em></span> 
     </span>
    </p>
   </div>
   <div class='ocr_carea' id='block_1_6' title="bbox 639 1374 2364 1565">
    <p class='ocr_par' dir='ltr' id='par_1_6' title="bbox 639 1374 2364 1565">
     <span class='ocr_line' id='line_1_11' title="bbox 639 1374 2364 1455; baseline -0.004 -11"><span class='ocrx_word' id='word_1_44' title='bbox 639 1378 734 1445; x_wconf 87' lang='lat' dir='ltr'><em>De</em></span> <span class='ocrx_word' id='word_1_45' title='bbox 767 1377 1042 1443; x_wconf 83' lang='lat' dir='ltr'><em>Armillis</em></span> <span class='ocrx_word' id='word_1_46' title='bbox 1066 1426 1086 1455; x_wconf 93' lang='lat'><strong>,</strong></span> <span class='ocrx_word' id='word_1_47' title='bbox 1121 1383 1268 1442; x_wconf 78' lang='lat' dir='ltr'><em>circa</em></span> <span class='ocrx_word' id='word_1_48' title='bbox 1303 1402 1492 1442; x_wconf 87' lang='lat' dir='ltr'><em>manus</em></span> <span class='ocrx_word' id='word_1_49' title='bbox 1533 1378 1606 1440; x_wconf 66' lang='lat'><em>&amp;⁸</em></span> <span class='ocrx_word' id='word_1_50' title='bbox 1645 1375 1877 1441; x_wconf 79' lang='lat' dir='ltr'><em>brachia</em></span> <span class='ocrx_word' id='word_1_51' title='bbox 1901 1422 1921 1451; x_wconf 87' lang='grc'>,</span> <span class='ocrx_word' id='word_1_52' title='bbox 1961 1374 2192 1438; x_wconf 86' lang='lat' dir='ltr'><em>Veneris</em></span> <span class='ocrx_word' id='word_1_53' title='bbox 2229 1379 2364 1441; x_wconf 85' lang='lat' dir='ltr'><em>ima-</em></span> 
     </span>
     <span class='ocr_line' id='line_1_12' title="bbox 725 1470 2355 1565; baseline -0.002 -28"><span class='ocrx_word' id='word_1_54' title='bbox 725 1481 910 1565; x_wconf 82' lang='lat' dir='ltr'><em>ginem</em></span> <span class='ocrx_word' id='word_1_55' title='bbox 947 1470 1403 1537; x_wconf 65' lang='lat' dir='ltr'><em>honessancibus.</em></span> <span class='ocrx_word' id='word_1_56' title='bbox 2247 1494 2355 1551; x_wconf 87' lang='lat'><em>30.</em></span> 
     </span>
    </p>
   </div>
   <div class='ocr_carea' id='block_1_7' title="bbox 639 1655 2470 1750">
    <p class='ocr_par' dir='ltr' id='par_1_7' title="bbox 639 1655 2470 1750">
     <span class='ocr_line' id='line_1_13' title="bbox 639 1655 2470 1750; baseline -0.004 -23"><span class='ocrx_word' id='word_1_57' title='bbox 639 1661 925 1737; x_wconf 77' lang='lat' dir='ltr'><em>Ancillae,</em></span> <span class='ocrx_word' id='word_1_58' title='bbox 967 1683 1082 1750; x_wconf 84' lang='lat' dir='ltr'><em>quae</em></span> <span class='ocrx_word' id='word_1_59' title='bbox 1119 1659 1396 1735; x_wconf 64' lang='lat' dir='ltr'><em>hames,</em></span> <span class='ocrx_word' id='word_1_60' title='bbox 1435 1658 1766 1733; x_wconf 82' lang='lat' dir='ltr'><em>Armillas,</em></span> <span class='ocrx_word' id='word_1_61' title='bbox 1805 1655 2103 1731; x_wconf 64' lang='lat' dir='ltr'><em>Monilia,</em></span> <span class='ocrx_word' id='word_1_62' title='bbox 2141 1657 2364 1747; x_wconf 79' lang='lat' dir='ltr'><em>aliaque</em></span> <span class='ocrx_word' id='word_1_63' title='bbox 2466 1666 2470 1670; x_wconf 84' lang='grc'><strong>’</strong></span> 
     </span>
    </p>
   </div>
   <div class='ocr_carea' id='block_1_8' title="bbox 733 1743 2366 1843">
    <p class='ocr_par' dir='ltr' id='par_1_8' title="bbox 733 1743 2366 1843">
     <span class='ocr_line' id='line_1_14' title="bbox 733 1743 2366 1843; baseline -0.002 -25"><span class='ocrx_word' id='word_1_64' title='bbox 733 1775 1052 1820; x_wconf 78' lang='lat' dir='ltr'><em>ornamenta</em></span> <span class='ocrx_word' id='word_1_65' title='bbox 1093 1751 1389 1818; x_wconf 79' lang='lat' dir='ltr'><em>muliebria</em></span> <span class='ocrx_word' id='word_1_66' title='bbox 1417 1743 1786 1843; x_wconf 74' lang='lat' dir='ltr'><em>servabant,</em></span> <span class='ocrx_word' id='word_1_67' title='bbox 1832 1750 2088 1843; x_wconf 80' lang='lat' dir='ltr'><em>quomodo</em></span> <span class='ocrx_word' id='word_1_68' title='bbox 2127 1751 2366 1816; x_wconf 75' lang='lat' dir='ltr'><em>diceren-</em></span> 
     </span>
    </p>
   </div>
   <div class='ocr_carea' id='block_1_9' title="bbox 640 1847 2363 2384">
    <p class='ocr_par' dir='ltr' id='par_1_9' title="bbox 733 1847 2359 2007">
     <span class='ocr_line' id='line_1_15' title="bbox 733 1847 2359 1930; baseline -0.003 -17"><span class='ocrx_word' id='word_1_69' title='bbox 733 1871 830 1913; x_wconf 82' lang='lat' dir='ltr'><em>tur</em></span> <span class='ocrx_word' id='word_1_70' title='bbox 867 1874 898 1913; x_wconf 88' lang='lat' dir='ltr'><em>a</em></span> <span class='ocrx_word' id='word_1_71' title='bbox 954 1847 1295 1914; x_wconf 82' lang='lat' dir='ltr'><em>Veteribus.</em></span> <span class='ocrx_word' id='word_1_72' title='bbox 2250 1871 2359 1930; x_wconf 78' lang='lat'><em>33.</em></span> 
     </span>
     <span class='ocr_line' id='line_1_16' title="bbox 1419 1945 1587 2007; baseline 0 -1"><span class='ocrx_word' id='word_1_73' title='bbox 1419 1945 1484 2007; x_wconf 93' lang='lat' dir='ltr'>X</span> <span class='ocrx_word' id='word_1_74' title='bbox 1501 1945 1533 2005; x_wconf 94' lang='lat' dir='ltr'>I</span> <span class='ocrx_word' id='word_1_75' title='bbox 1556 1946 1587 2006; x_wconf 98' lang='grc' dir='ltr'>Ι</span> 
     </span>
    </p>

    <p class='ocr_par' dir='ltr' id='par_1_10' title="bbox 640 2031 2363 2126">
     <span class='ocr_line' id='line_1_17' title="bbox 640 2031 2363 2126; baseline -0.004 -20"><span class='ocrx_word' id='word_1_76' title='bbox 640 2038 846 2106; x_wconf 84' lang='lat' dir='ltr'><em>Eadem</em></span> <span class='ocrx_word' id='word_1_77' title='bbox 891 2058 1204 2101; x_wconf 85' lang='lat' dir='ltr'><em>ornamenta</em></span> <span class='ocrx_word' id='word_1_78' title='bbox 1238 2042 1297 2097; x_wconf 89' lang='lat' dir='ltr'><em>in</em></span> <span class='ocrx_word' id='word_1_79' title='bbox 1339 2033 1529 2098; x_wconf 79' lang='lat' dir='ltr'><em>Sacris</em></span> <span class='ocrx_word' id='word_1_80' title='bbox 1567 2032 1912 2126; x_wconf 79' lang='lat' dir='ltr'><em>Imaginibus</em></span> <span class='ocrx_word' id='word_1_81' title='bbox 1951 2059 1983 2099; x_wconf 88' lang='lat' dir='ltr'><em>a</em></span> <span class='ocrx_word' id='word_1_82' title='bbox 2018 2031 2363 2100; x_wconf 71' lang='lat' dir='ltr'><em>ChriHianis</em></span> 
     </span>
    </p>

    <p class='ocr_par' dir='ltr' id='par_1_11' title="bbox 735 2131 2357 2384">
     <span class='ocr_line' id='line_1_18' title="bbox 735 2131 2357 2222; baseline -0.001 -27"><span class='ocrx_word' id='word_1_83' title='bbox 735 2131 1001 2222; x_wconf 76' lang='lat' dir='ltr'><em>usurpata</em></span> <span class='ocrx_word' id='word_1_84' title='bbox 1053 2177 1075 2209; x_wconf 86' lang='lat'><em>,</em></span> <span class='ocrx_word' id='word_1_85' title='bbox 1117 2133 1189 2196; x_wconf 63' lang='lat' dir='ltr'><em>c&amp;</em></span> <span class='ocrx_word' id='word_1_86' title='bbox 1232 2144 1443 2220; x_wconf 78' lang='lat' dir='ltr'><em>quare?</em></span> <span class='ocrx_word' id='word_1_87' title='bbox 2251 2154 2357 2213; x_wconf 86' lang='lat'><em>35.</em></span> 
     </span>
     <span class='ocr_line' id='line_1_19' title="bbox 1386 2320 1612 2384; baseline 0.004 -1"><span class='ocrx_word' id='word_1_88' title='bbox 1386 2320 1452 2383; x_wconf 90' lang='lat' dir='ltr'>X</span> <span class='ocrx_word' id='word_1_89' title='bbox 1473 2320 1506 2382; x_wconf 93' lang='grc' dir='ltr'>Ι</span> <span class='ocrx_word' id='word_1_90' title='bbox 1527 2322 1558 2382; x_wconf 89' lang='grc'>1</span> <span class='ocrx_word' id='word_1_91' title='bbox 1580 2323 1612 2384; x_wconf 92' lang='grc' dir='ltr'>Ι</span> 
     </span>
    </p>
   </div>
   <div class='ocr_carea' id='block_1_10' title="bbox 642 2408 2365 3047">
    <p class='ocr_par' dir='ltr' id='par_1_12' title="bbox 642 2408 2365 2684">
     <span class='ocr_line' id='line_1_20' title="bbox 642 2408 2365 2503; baseline -0.003 -23"><span class='ocrx_word' id='word_1_92' title='bbox 642 2411 1005 2501; x_wconf 80' lang='lat' dir='ltr'><em>Describitur</em></span> <span class='ocrx_word' id='word_1_93' title='bbox 1063 2408 1178 2477; x_wconf 91' lang='lat' dir='ltr'><em>Vas</em></span> <span class='ocrx_word' id='word_1_94' title='bbox 1218 2415 1468 2476; x_wconf 75' lang='lat' dir='ltr'><em>vitreum</em></span> <span class='ocrx_word' id='word_1_95' title='bbox 1509 2416 1794 2503; x_wconf 86' lang='lat' dir='ltr'><em>antiquum</em></span> <span class='ocrx_word' id='word_1_96' title='bbox 1839 2409 2044 2478; x_wconf 87' lang='lat' dir='ltr'><em>Musei</em></span> <span class='ocrx_word' id='word_1_97' title='bbox 2075 2411 2365 2487; x_wconf 60' lang='lat' dir='ltr'>Vif&#39;torii,</span> 
     </span>
     <span class='ocr_line' id='line_1_21' title="bbox 733 2503 2364 2598; baseline -0.001 -28"><span class='ocrx_word' id='word_1_98' title='bbox 733 2512 791 2570; x_wconf 84' lang='lat' dir='ltr'><em>in</em></span> <span class='ocrx_word' id='word_1_99' title='bbox 834 2533 936 2597; x_wconf 84' lang='lat' dir='ltr'><em>quo</em></span> <span class='ocrx_word' id='word_1_100' title='bbox 981 2507 1181 2571; x_wconf 77' lang='lat' dir='ltr'><em>mulier</em></span> <span class='ocrx_word' id='word_1_101' title='bbox 1213 2503 1505 2594; x_wconf 65' lang='lat' dir='ltr'><em>sJJeHatur</em></span> <span class='ocrx_word' id='word_1_102' title='bbox 1547 2511 1606 2569; x_wconf 88' lang='lat' dir='ltr'><em>in</em></span> <span class='ocrx_word' id='word_1_103' title='bbox 1654 2507 1866 2598; x_wconf 74' lang='lat' dir='ltr'><em>Elysiis</em></span> <span class='ocrx_word' id='word_1_104' title='bbox 1901 2554 1923 2584; x_wconf 91' lang='lat'><strong><em>,</em></strong></span> <span class='ocrx_word' id='word_1_105' title='bbox 1982 2509 2055 2569; x_wconf 61' lang='grc' dir='ltr'><em>Θ·</em></span> <span class='ocrx_word' id='word_1_106' title='bbox 2113 2513 2232 2593; x_wconf 78' lang='lat' dir='ltr'><em>ejus</em></span> <span class='ocrx_word' id='word_1_107' title='bbox 2279 2531 2364 2569; x_wconf 86' lang='lat' dir='ltr'><em>or-</em></span> 
     </span>
     <span class='ocr_line' id='line_1_22' title="bbox 736 2602 2361 2684; baseline -0.001 -19"><span class='ocrx_word' id='word_1_108' title='bbox 736 2623 993 2666; x_wconf 81' lang='lat' dir='ltr'><em>namenta</em></span> <span class='ocrx_word' id='word_1_109' title='bbox 1028 2602 1346 2666; x_wconf 80' lang='lat' dir='ltr'><em>indicantur</em></span> <span class='ocrx_word' id='word_1_110' title='bbox 1367 2649 1381 2664; x_wconf 93' lang='lat'><strong>.</strong></span> <span class='ocrx_word' id='word_1_111' title='bbox 2249 2623 2361 2684; x_wconf 90' lang='lat'><em>41.</em></span> 
     </span>
    </p>

    <p class='ocr_par' dir='ltr' id='par_1_13' title="bbox 1399 2697 1610 2760">
     <span class='ocr_line' id='line_1_23' title="bbox 1399 2697 1610 2760; baseline -0.005 0"><span class='ocrx_word' id='word_1_112' title='bbox 1399 2699 1464 2760; x_wconf 91' lang='lat' dir='ltr'>X</span> <span class='ocrx_word' id='word_1_113' title='bbox 1489 2699 1519 2760; x_wconf 89' lang='lat' dir='ltr'>I</span> <span class='ocrx_word' id='word_1_114' title='bbox 1545 2697 1610 2759; x_wconf 89' lang='lat' dir='ltr'>V</span> 
     </span>
    </p>

    <p class='ocr_par' dir='ltr' id='par_1_14' title="bbox 646 2786 2361 2879">
     <span class='ocr_line' id='line_1_24' title="bbox 646 2786 2361 2879; baseline -0.002 -23"><span class='ocrx_word' id='word_1_115' title='bbox 646 2788 836 2856; x_wconf 81' lang='lat' dir='ltr'><em>Aliud</em></span> <span class='ocrx_word' id='word_1_116' title='bbox 877 2788 992 2854; x_wconf 88' lang='lat' dir='ltr'><em>Vas</em></span> <span class='ocrx_word' id='word_1_117' title='bbox 1029 2795 1283 2857; x_wconf 74' lang='lat' dir='ltr'><em>vitreum</em></span> <span class='ocrx_word' id='word_1_118' title='bbox 1326 2795 1612 2879; x_wconf 81' lang='lat' dir='ltr'><em>antiquum</em></span> <span class='ocrx_word' id='word_1_119' title='bbox 1663 2787 1930 2871; x_wconf 84' lang='lat' dir='ltr'><em>ejusdem</em></span> <span class='ocrx_word' id='word_1_120' title='bbox 1973 2786 2176 2855; x_wconf 83' lang='lat' dir='ltr'><em>Musei</em></span> <span class='ocrx_word' id='word_1_121' title='bbox 2218 2837 2239 2866; x_wconf 92' lang='lat'>,</span> <span class='ocrx_word' id='word_1_122' title='bbox 2302 2795 2361 2853; x_wconf 83' lang='lat' dir='ltr'><em>in</em></span> 
     </span>
    </p>

    <p class='ocr_par' dir='ltr' id='par_1_15' title="bbox 740 2882 2363 3047">
     <span class='ocr_line' id='line_1_25' title="bbox 740 2882 2352 2977; baseline 0.001 -30"><span class='ocrx_word' id='word_1_123' title='bbox 740 2908 845 2975; x_wconf 80' lang='lat' dir='ltr'><em>quo</em></span> <span class='ocrx_word' id='word_1_124' title='bbox 875 2889 1138 2977; x_wconf 78' lang='lat' dir='ltr'><em>imagines</em></span> <span class='ocrx_word' id='word_1_125' title='bbox 1174 2905 1376 2951; x_wconf 77' lang='lat' dir='ltr'><em>ornatae</em></span> <span class='ocrx_word' id='word_1_126' title='bbox 1401 2882 1869 2975; x_wconf 76' lang='lat' dir='ltr'><em>Monilibussttnt</em></span> <span class='ocrx_word' id='word_1_127' title='bbox 1903 2883 2161 2975; x_wconf 69' lang='lat' dir='ltr'><em>expreffie</em></span> <span class='ocrx_word' id='word_1_128' title='bbox 2183 2936 2198 2951; x_wconf 89' lang='lat'><strong>.</strong></span> <span class='ocrx_word' id='word_1_129' title='bbox 2241 2907 2281 2965; x_wconf 87' lang='lat'><em>4</em></span> <span class='ocrx_word' id='word_1_130' title='bbox 2295 2909 2352 2963; x_wconf 85' lang='lat'><em>3.</em></span> 
     </span>
     <span class='ocr_line' id='line_1_26' title="bbox 2269 2984 2363 3047; baseline -0.043 0"><span class='ocrx_word' id='word_1_131' title='bbox 2269 2984 2363 3047; x_wconf 85' lang='lat' dir='ltr'><em>De</em></span> 
     </span>
    </p>
   </div>
  </div>
 </body>
</html>
