<?xml version="1.0" encoding="UTF-8"?>
<!DOCTYPE html PUBLIC "-//W3C//DTD XHTML 1.0 Transitional//EN"
    "http://www.w3.org/TR/xhtml1/DTD/xhtml1-transitional.dtd">
<html xmlns="http://www.w3.org/1999/xhtml" xml:lang="en" lang="en">
 <head>
  <title>
</title>
<meta http-equiv="Content-Type" content="text/html;charset=utf-8" />
  <meta name='ocr-system' content='tesseract 3.04.00' />
  <meta name='ocr-capabilities' content='ocr_page ocr_carea ocr_par ocr_line ocrx_word'/>
</head>
<body>
  <div class='ocr_page' id='page_1' title='image "./veterisgemmaeadc01vett_0150.png"; bbox 0 0 2535 3862; ppageno 0'>
   <div class='ocr_carea' id='block_1_1' title="bbox 684 251 1968 327">
    <p class='ocr_par' dir='ltr' id='par_1_1' title="bbox 684 251 1968 327">
     <span class='ocr_line' id='line_1_1' title="bbox 684 251 1968 327; baseline 0.002 -22"><span class='ocrx_word' id='word_1_1' title='bbox 684 270 791 327; x_wconf 76' lang='lat'><strong>¹04</strong></span> <span class='ocrx_word' id='word_1_2' title='bbox 1043 251 1968 307; x_wconf 72' lang='lat' dir='ltr'>NUMMUSAEREUS</span> 
     </span>
    </p>
   </div>
   <div class='ocr_carea' id='block_1_2' title="bbox 311 344 2395 2698">
    <p class='ocr_par' dir='ltr' id='par_1_2' title="bbox 311 344 2395 2698">
     <span class='ocr_line' id='line_1_2' title="bbox 311 344 2378 438; baseline -0.003 -19"><span class='ocrx_word' id='word_1_3' title='bbox 311 346 579 392; x_wconf 57' lang='lat' dir='ltr'><strong>CAP‘XIX</strong></span> <span class='ocrx_word' id='word_1_4' title='bbox 671 353 749 418; x_wconf 88' lang='lat' dir='ltr'><strong>de</strong></span> <span class='ocrx_word' id='word_1_5' title='bbox 778 351 982 418; x_wconf 83' lang='lat' dir='ltr'><strong>AEtate</strong></span> <span class='ocrx_word' id='word_1_6' title='bbox 1018 344 1433 413; x_wconf 83' lang='lat' dir='ltr'><strong>Numismatis</strong></span> <span class='ocrx_word' id='word_1_7' title='bbox 1482 371 1671 438; x_wconf 83' lang='lat' dir='ltr'><strong>pauca</strong></span> <span class='ocrx_word' id='word_1_8' title='bbox 1716 346 1916 413; x_wconf 82' lang='lat' dir='ltr'><strong>dicere</strong></span> <span class='ocrx_word' id='word_1_9' title='bbox 1964 376 1980 413; x_wconf 70' lang='grc' dir='ltr'>ε</span> <span class='ocrx_word' id='word_1_10' title='bbox 2045 373 2163 416; x_wconf 88' lang='lat' dir='ltr'><strong>non</strong></span> <span class='ocrx_word' id='word_1_11' title='bbox 2212 351 2378 415; x_wconf 83' lang='lat' dir='ltr'><strong>enim</strong></span> 
     </span>
     <span class='ocr_line' id='line_1_3' title="bbox 671 437 2381 535; baseline -0.004 -23"><span class='ocrx_word' id='word_1_12' title='bbox 671 445 922 535; x_wconf 82' lang='lat' dir='ltr'><strong>Epocha</strong></span> <span class='ocrx_word' id='word_1_13' title='bbox 962 437 1266 507; x_wconf 82' lang='lat' dir='ltr'>succurrit</span> <span class='ocrx_word' id='word_1_14' title='bbox 1305 491 1326 519; x_wconf 90' lang='lat'><strong>,</strong></span> <span class='ocrx_word' id='word_1_15' title='bbox 1367 467 1488 532; x_wconf 82' lang='lat' dir='ltr'><strong>qua</strong></span> <span class='ocrx_word' id='word_1_16' title='bbox 1525 445 1932 534; x_wconf 84' lang='lat' dir='ltr'><strong>Imperatoris</strong></span> <span class='ocrx_word' id='word_1_17' title='bbox 1985 446 2241 509; x_wconf 87' lang='lat' dir='ltr'><strong>titulum</strong></span> <span class='ocrx_word' id='word_1_18' title='bbox 2292 446 2381 508; x_wconf 85' lang='lat' dir='ltr'><strong>in-</strong></span> 
     </span>
     <span class='ocr_line' id='line_1_4' title="bbox 667 536 2382 630; baseline -0.003 -24"><span class='ocrx_word' id='word_1_19' title='bbox 667 537 971 630; x_wconf 81' lang='lat' dir='ltr'><strong>vestigare</strong></span> <span class='ocrx_word' id='word_1_20' title='bbox 1010 536 1384 604; x_wconf 82' lang='lat' dir='ltr'>contendam</span> <span class='ocrx_word' id='word_1_21' title='bbox 1422 586 1444 616; x_wconf 85' lang='lat'><strong><em>,</em></strong></span> <span class='ocrx_word' id='word_1_22' title='bbox 1486 561 1680 626; x_wconf 87' lang='lat' dir='ltr'><strong>neque</strong></span> <span class='ocrx_word' id='word_1_23' title='bbox 1720 539 1938 603; x_wconf 90' lang='lat' dir='ltr'><strong>titulus</strong></span> <span class='ocrx_word' id='word_1_24' title='bbox 1980 586 2001 614; x_wconf 88' lang='lat'><strong>,</strong></span> <span class='ocrx_word' id='word_1_25' title='bbox 2056 560 2180 626; x_wconf 87' lang='lat' dir='ltr'><strong>quo</strong></span> <span class='ocrx_word' id='word_1_26' title='bbox 2219 544 2382 627; x_wconf 82' lang='lat' dir='ltr'><strong>Epo-</strong></span> 
     </span>
     <span class='ocr_line' id='line_1_5' title="bbox 669 627 2382 723; baseline -0.002 -26"><span class='ocrx_word' id='word_1_27' title='bbox 669 633 784 698; x_wconf 82' lang='lat' dir='ltr'><strong>cha</strong></span> <span class='ocrx_word' id='word_1_28' title='bbox 831 627 1127 723; x_wconf 81' lang='lat' dir='ltr'><strong>expiscari</strong></span> <span class='ocrx_word' id='word_1_29' title='bbox 1168 631 1348 722; x_wconf 85' lang='lat' dir='ltr'><strong>poffit</strong></span> <span class='ocrx_word' id='word_1_30' title='bbox 1388 681 1408 709; x_wconf 86' lang='lat'>,</span> <span class='ocrx_word' id='word_1_31' title='bbox 1475 635 1561 697; x_wconf 79' lang='lat' dir='ltr'><strong>ita</strong></span> <span class='ocrx_word' id='word_1_32' title='bbox 1600 650 1669 697; x_wconf 89' lang='lat' dir='ltr'><strong>ut</strong></span> <span class='ocrx_word' id='word_1_33' title='bbox 1736 634 1797 696; x_wconf 87' lang='lat' dir='ltr'><strong>in</strong></span> <span class='ocrx_word' id='word_1_34' title='bbox 1839 631 2132 720; x_wconf 83' lang='lat' dir='ltr'><strong>ambiguo</strong></span> <span class='ocrx_word' id='word_1_35' title='bbox 2179 634 2382 720; x_wconf 87' lang='lat' dir='ltr'><strong>potius</strong></span> 
     </span>
     <span class='ocr_line' id='line_1_6' title="bbox 664 725 2380 817; baseline -0.005 -22"><span class='ocrx_word' id='word_1_36' title='bbox 664 725 1141 816; x_wconf 81' lang='lat' dir='ltr'><strong>relinquendum</strong></span> <span class='ocrx_word' id='word_1_37' title='bbox 1190 726 1254 792; x_wconf 87' lang='lat' dir='ltr'><strong>id</strong></span> <span class='ocrx_word' id='word_1_38' title='bbox 1292 725 1403 793; x_wconf 82' lang='lat' dir='ltr'><strong>effe</strong></span> <span class='ocrx_word' id='word_1_39' title='bbox 1443 726 1866 804; x_wconf 84' lang='lat' dir='ltr'><strong>decreverim,</strong></span> <span class='ocrx_word' id='word_1_40' title='bbox 1919 749 2108 817; x_wconf 83' lang='lat' dir='ltr'><strong>quam</strong></span> <span class='ocrx_word' id='word_1_41' title='bbox 2151 743 2380 789; x_wconf 83' lang='lat' dir='ltr'><strong>temere</strong></span> 
     </span>
     <span class='ocr_line' id='line_1_7' title="bbox 670 818 2392 912; baseline -0.004 -24"><span class='ocrx_word' id='word_1_42' title='bbox 670 820 905 912; x_wconf 83' lang='lat' dir='ltr'><strong>aliquid</strong></span> <span class='ocrx_word' id='word_1_43' title='bbox 931 818 1257 886; x_wconf 82' lang='lat' dir='ltr'><strong>adfirmare</strong></span> <span class='ocrx_word' id='word_1_44' title='bbox 1291 871 1304 887; x_wconf 90' lang='lat'><strong>.</strong></span> <span class='ocrx_word' id='word_1_45' title='bbox 1328 820 1659 889; x_wconf 86' lang='lat' dir='ltr'><strong>Anselmus</strong></span> <span class='ocrx_word' id='word_1_46' title='bbox 1686 825 2033 886; x_wconf 77' lang='lat' dir='ltr'><strong>Bandurius</strong></span> <span class='ocrx_word' id='word_1_47' title='bbox 2058 828 2164 902; x_wconf 88' lang='lat'><strong>(1)</strong></span> <span class='ocrx_word' id='word_1_48' title='bbox 2183 823 2392 884; x_wconf 88' lang='lat' dir='ltr'><strong>Num-</strong></span> 
     </span>
     <span class='ocr_line' id='line_1_8' title="bbox 675 913 2388 1008; baseline -0.004 -26"><span class='ocrx_word' id='word_1_49' title='bbox 675 940 855 982; x_wconf 86' lang='lat' dir='ltr'><strong>mum</strong></span> <span class='ocrx_word' id='word_1_50' title='bbox 904 913 1093 982; x_wconf 82' lang='lat' dir='ltr'><strong>refert</strong></span> <span class='ocrx_word' id='word_1_51' title='bbox 1138 914 1366 983; x_wconf 87' lang='lat' dir='ltr'><strong>Christi</strong></span> <span class='ocrx_word' id='word_1_52' title='bbox 1425 936 1716 1008; x_wconf 86' lang='lat' dir='ltr'><strong>protoma</strong></span> <span class='ocrx_word' id='word_1_53' title='bbox 1757 913 2068 1008; x_wconf 76' lang='lat' dir='ltr'><strong>figmatum</strong></span> <span class='ocrx_word' id='word_1_54' title='bbox 2118 962 2140 992; x_wconf 87' lang='lat'><strong><em>,</em></strong></span> <span class='ocrx_word' id='word_1_55' title='bbox 2193 914 2388 978; x_wconf 87' lang='lat' dir='ltr'><strong>literis</strong></span> 
     </span>
     <span class='ocr_line' id='line_1_9' title="bbox 677 1006 2392 1099; baseline -0.001 -25"><span class='ocrx_word' id='word_1_56' title='bbox 677 1008 1132 1099; x_wconf 68' lang='lat' dir='ltr'><strong>circumpositis</strong></span> <span class='ocrx_word' id='word_1_57' title='bbox 1165 1032 1250 1070; x_wconf 75' lang='lat' dir='ltr'><strong>EM</strong></span> <span class='ocrx_word' id='word_1_58' title='bbox 1269 1032 1310 1069; x_wconf 85' lang='lat' dir='ltr'>M</span> <span class='ocrx_word' id='word_1_59' title='bbox 1332 1033 1363 1070; x_wconf 86' lang='lat' dir='ltr'>A</span> <span class='ocrx_word' id='word_1_60' title='bbox 1383 1034 1421 1072; x_wconf 79' lang='lat' dir='ltr'>N</span> <span class='ocrx_word' id='word_1_61' title='bbox 1446 1034 1476 1071; x_wconf 87' lang='lat' dir='ltr'>v</span> <span class='ocrx_word' id='word_1_62' title='bbox 1500 1036 1527 1071; x_wconf 73' lang='lat' dir='ltr'><strong>r.</strong></span> <span class='ocrx_word' id='word_1_63' title='bbox 1549 1035 1609 1079; x_wconf 84' lang='lat' dir='ltr'><strong>L,</strong></span> <span class='ocrx_word' id='word_1_64' title='bbox 1659 1014 1836 1075; x_wconf 81' lang='lat' dir='ltr'><strong>Parte</strong></span> <span class='ocrx_word' id='word_1_65' title='bbox 1893 1034 2044 1075; x_wconf 88' lang='lat' dir='ltr'><strong>vero</strong></span> <span class='ocrx_word' id='word_1_66' title='bbox 2098 1006 2392 1099; x_wconf 79' lang='lat' dir='ltr'><strong>posterio-</strong></span> 
     </span>
     <span class='ocr_line' id='line_1_10' title="bbox 675 1101 2388 1196; baseline -0.002 -28"><span class='ocrx_word' id='word_1_67' title='bbox 675 1128 743 1168; x_wconf 80' lang='lat' dir='ltr'><strong>re</strong></span> <span class='ocrx_word' id='word_1_68' title='bbox 793 1127 939 1168; x_wconf 89' lang='lat' dir='ltr'><strong>cum</strong></span> <span class='ocrx_word' id='word_1_69' title='bbox 977 1102 1257 1172; x_wconf 83' lang='lat' dir='ltr'><strong>Historia</strong></span> <span class='ocrx_word' id='word_1_70' title='bbox 1304 1103 1497 1166; x_wconf 89' lang='lat' dir='ltr'><strong>trium</strong></span> <span class='ocrx_word' id='word_1_71' title='bbox 1537 1107 1879 1196; x_wconf 73' lang='lat' dir='ltr'><strong>Magorum</strong></span> <span class='ocrx_word' id='word_1_72' title='bbox 1930 1150 1950 1178; x_wconf 87' lang='lat'><strong>,</strong></span> <span class='ocrx_word' id='word_1_73' title='bbox 1999 1105 2107 1191; x_wconf 88' lang='lat' dir='ltr'><strong>qui</strong></span> <span class='ocrx_word' id='word_1_74' title='bbox 2168 1101 2388 1166; x_wconf 81' lang='lat' dir='ltr'><strong>stantes</strong></span> 
     </span>
     <span class='ocr_line' id='line_1_11' title="bbox 677 1193 2389 1288; baseline -0.003 -25"><span class='ocrx_word' id='word_1_75' title='bbox 677 1221 937 1264; x_wconf 83' lang='lat' dir='ltr'><strong>munera</strong></span> <span class='ocrx_word' id='word_1_76' title='bbox 973 1193 1242 1264; x_wconf 80' lang='lat' dir='ltr'><strong>offerunt</strong></span> <span class='ocrx_word' id='word_1_77' title='bbox 1276 1197 1527 1288; x_wconf 81' lang='lat' dir='ltr'><strong>Virgini</strong></span> <span class='ocrx_word' id='word_1_78' title='bbox 1563 1200 1784 1262; x_wconf 80' lang='lat' dir='ltr'><strong>Mariae</strong></span> <span class='ocrx_word' id='word_1_79' title='bbox 1837 1194 2070 1262; x_wconf 85' lang='lat' dir='ltr'><strong>sedenti</strong></span> <span class='ocrx_word' id='word_1_80' title='bbox 2112 1219 2254 1261; x_wconf 89' lang='lat' dir='ltr'><strong>cum</strong></span> <span class='ocrx_word' id='word_1_81' title='bbox 2284 1197 2389 1284; x_wconf 87' lang='lat' dir='ltr'><strong>Je-</strong></span> 
     </span>
     <span class='ocr_line' id='line_1_12' title="bbox 673 1287 2383 1383; baseline -0.004 -25"><span class='ocrx_word' id='word_1_82' title='bbox 673 1290 745 1358; x_wconf 77' lang='lat' dir='ltr'><strong>su</strong></span> <span class='ocrx_word' id='word_1_83' title='bbox 790 1289 1019 1358; x_wconf 81' lang='lat' dir='ltr'><strong>infante</strong></span> <span class='ocrx_word' id='word_1_84' title='bbox 1046 1340 1067 1370; x_wconf 85' lang='lat'>,</span> <span class='ocrx_word' id='word_1_85' title='bbox 1118 1294 1286 1358; x_wconf 83' lang='lat' dir='ltr'><strong>nulla</strong></span> <span class='ocrx_word' id='word_1_86' title='bbox 1313 1293 1566 1357; x_wconf 90' lang='lat' dir='ltr'><strong>omnino</strong></span> <span class='ocrx_word' id='word_1_87' title='bbox 1607 1292 1954 1383; x_wconf 83' lang='lat' dir='ltr'><strong>Epigraphe</strong></span> <span class='ocrx_word' id='word_1_88' title='bbox 1986 1287 2383 1380; x_wconf 88' lang='lat' dir='ltr'><strong>inscriptum:</strong></span> 
     </span>
     <span class='ocr_line' id='line_1_13' title="bbox 674 1383 2387 1476; baseline -0.002 -24"><span class='ocrx_word' id='word_1_89' title='bbox 674 1411 865 1476; x_wconf 89' lang='lat' dir='ltr'><strong>quem</strong></span> <span class='ocrx_word' id='word_1_90' title='bbox 907 1390 1069 1452; x_wconf 86' lang='lat' dir='ltr'><strong>inter</strong></span> <span class='ocrx_word' id='word_1_91' title='bbox 1112 1383 1524 1454; x_wconf 80' lang='lat' dir='ltr'><strong>Zimiscianos</strong></span> <span class='ocrx_word' id='word_1_92' title='bbox 1570 1410 1716 1452; x_wconf 90' lang='lat' dir='ltr'><strong>cum</strong></span> <span class='ocrx_word' id='word_1_93' title='bbox 1753 1388 2063 1452; x_wconf 87' lang='lat' dir='ltr'><strong>nonnullis</strong></span> <span class='ocrx_word' id='word_1_94' title='bbox 2112 1387 2245 1450; x_wconf 83' lang='lat' dir='ltr'><strong>aliis</strong></span> <span class='ocrx_word' id='word_1_95' title='bbox 2282 1405 2387 1448; x_wconf 77' lang='lat' dir='ltr'><strong>ex-</strong></span> 
     </span>
     <span class='ocr_line' id='line_1_14' title="bbox 674 1479 2389 1571; baseline -0.004 -24"><span class='ocrx_word' id='word_1_96' title='bbox 674 1481 847 1547; x_wconf 78' lang='lat' dir='ltr'><strong>hibet</strong></span> <span class='ocrx_word' id='word_1_97' title='bbox 883 1531 903 1560; x_wconf 91' lang='lat'><strong>,</strong></span> <span class='ocrx_word' id='word_1_98' title='bbox 953 1479 1339 1571; x_wconf 88' lang='lat' dir='ltr'><strong>recensetque</strong></span> <span class='ocrx_word' id='word_1_99' title='bbox 1383 1528 1406 1557; x_wconf 84' lang='grc'>,</span> <span class='ocrx_word' id='word_1_100' title='bbox 1449 1504 1570 1545; x_wconf 88' lang='lat' dir='ltr'><strong>non</strong></span> <span class='ocrx_word' id='word_1_101' title='bbox 1618 1481 1756 1546; x_wconf 87' lang='lat' dir='ltr'><strong>ideo</strong></span> <span class='ocrx_word' id='word_1_102' title='bbox 1793 1480 1960 1568; x_wconf 81' lang='lat' dir='ltr'><strong>quod</strong></span> <span class='ocrx_word' id='word_1_103' title='bbox 1977 1480 2233 1569; x_wconf 80' lang='lat' dir='ltr'><strong>Joannis</strong></span> <span class='ocrx_word' id='word_1_104' title='bbox 2274 1479 2389 1542; x_wconf 90' lang='lat' dir='ltr'><strong>Zi-</strong></span> 
     </span>
     <span class='ocr_line' id='line_1_15' title="bbox 676 1572 2385 1663; baseline -0.005 -21"><span class='ocrx_word' id='word_1_105' title='bbox 676 1573 881 1642; x_wconf 83' lang='lat' dir='ltr'><strong>miscae</strong></span> <span class='ocrx_word' id='word_1_106' title='bbox 923 1579 1016 1640; x_wconf 91' lang='lat' dir='ltr'><strong>illi</strong></span> <span class='ocrx_word' id='word_1_107' title='bbox 1050 1574 1168 1638; x_wconf 83' lang='lat' dir='ltr'><strong>fint</strong></span> <span class='ocrx_word' id='word_1_108' title='bbox 1190 1622 1211 1649; x_wconf 89' lang='lat'>‚</span> <span class='ocrx_word' id='word_1_109' title='bbox 1247 1595 1316 1638; x_wconf 88' lang='lat' dir='ltr'><strong>ut</strong></span> <span class='ocrx_word' id='word_1_110' title='bbox 1345 1576 1543 1660; x_wconf 87' lang='lat' dir='ltr'><strong>inquit</strong></span> <span class='ocrx_word' id='word_1_111' title='bbox 1581 1598 1654 1638; x_wconf 80' lang='lat' dir='ltr'><strong>ex</strong></span> <span class='ocrx_word' id='word_1_112' title='bbox 1681 1572 2115 1639; x_wconf 79' lang='lat' dir='ltr'><strong>Differtatione</strong></span> <span class='ocrx_word' id='word_1_113' title='bbox 2159 1573 2385 1663; x_wconf 81' lang='lat' dir='ltr'><strong>Gangii</strong></span> 
     </span>
     <span class='ocr_line' id='line_1_16' title="bbox 677 1664 2395 1756; baseline -0.001 -25"><span class='ocrx_word' id='word_1_114' title='bbox 677 1667 755 1731; x_wconf 92' lang='lat' dir='ltr'><strong>de</strong></span> <span class='ocrx_word' id='word_1_115' title='bbox 792 1666 1114 1732; x_wconf 84' lang='lat' dir='ltr'><strong>Inferioris</strong></span> <span class='ocrx_word' id='word_1_116' title='bbox 1157 1668 1302 1734; x_wconf 81' lang='lat' dir='ltr'><strong>AEvi</strong></span> <span class='ocrx_word' id='word_1_117' title='bbox 1333 1664 1831 1735; x_wconf 77' lang='lat' dir='ltr'><strong>Numismatibus</strong></span> <span class='ocrx_word' id='word_1_118' title='bbox 1866 1676 2018 1749; x_wconf 83' lang='lat'>(2),</span> <span class='ocrx_word' id='word_1_119' title='bbox 2051 1667 2195 1756; x_wconf 71' lang='lat' dir='ltr'><strong>fid:</strong></span> <span class='ocrx_word' id='word_1_120' title='bbox 2246 1665 2395 1756; x_wconf 80' lang='lat' dir='ltr'><strong>quod</strong></span> 
     </span>
     <span class='ocr_line' id='line_1_17' title="bbox 675 1762 2386 1849; baseline -0.001 -25"><span class='ocrx_word' id='word_1_121' title='bbox 675 1762 1028 1828; x_wconf 79' lang='lat' dir='ltr'><strong>commodiori</strong></span> <span class='ocrx_word' id='word_1_122' title='bbox 1073 1810 1096 1840; x_wconf 90' lang='lat'>,</span> <span class='ocrx_word' id='word_1_123' title='bbox 1135 1763 1250 1828; x_wconf 83' lang='lat' dir='ltr'><strong>vel</strong></span> <span class='ocrx_word' id='word_1_124' title='bbox 1287 1765 1514 1826; x_wconf 68' lang='lat' dir='ltr'><strong>certiori</strong></span> <span class='ocrx_word' id='word_1_125' title='bbox 1555 1764 1672 1826; x_wconf 88' lang='lat' dir='ltr'><strong>loco</strong></span> <span class='ocrx_word' id='word_1_126' title='bbox 1731 1764 1995 1827; x_wconf 80' lang='lat' dir='ltr'><strong>collocari</strong></span> <span class='ocrx_word' id='word_1_127' title='bbox 2034 1766 2158 1830; x_wconf 72' lang='lat' dir='ltr'><strong>‘vix</strong></span> <span class='ocrx_word' id='word_1_128' title='bbox 2190 1780 2386 1849; x_wconf 83' lang='lat' dir='ltr'><strong>potue-</strong></span> 
     </span>
     <span class='ocr_line' id='line_1_18' title="bbox 672 1854 2385 1931; baseline -0.001 -9"><span class='ocrx_word' id='word_1_129' title='bbox 672 1861 795 1922; x_wconf 77' lang='lat' dir='ltr'><strong>rint</strong></span> <span class='ocrx_word' id='word_1_130' title='bbox 834 1907 849 1921; x_wconf 90' lang='lat'><strong>.</strong></span> <span class='ocrx_word' id='word_1_131' title='bbox 895 1864 1089 1926; x_wconf 83' lang='lat' dir='ltr'><strong>Hunc</strong></span> <span class='ocrx_word' id='word_1_132' title='bbox 1129 1855 1418 1926; x_wconf 87' lang='lat' dir='ltr'><strong>eumdem</strong></span> <span class='ocrx_word' id='word_1_133' title='bbox 1458 1860 1817 1923; x_wconf 86' lang='lat' dir='ltr'><strong>Nummum</strong></span> <span class='ocrx_word' id='word_1_134' title='bbox 1873 1883 2020 1923; x_wconf 90' lang='lat' dir='ltr'><strong>cum</strong></span> <span class='ocrx_word' id='word_1_135' title='bbox 2066 1854 2385 1931; x_wconf 80' lang='lat' dir='ltr'><strong>Historia,</strong></span> 
     </span>
     <span class='ocr_line' id='line_1_19' title="bbox 675 1948 2387 2046; baseline -0.001 -32"><span class='ocrx_word' id='word_1_136' title='bbox 675 1974 806 2038; x_wconf 80' lang='lat' dir='ltr'><strong>quae</strong></span> <span class='ocrx_word' id='word_1_137' title='bbox 846 1950 927 2015; x_wconf 87' lang='lat' dir='ltr'><strong>est</strong></span> <span class='ocrx_word' id='word_1_138' title='bbox 964 1951 1243 2017; x_wconf 81' lang='lat' dir='ltr'><strong>adoratio</strong></span> <span class='ocrx_word' id='word_1_139' title='bbox 1279 1948 1530 2016; x_wconf 82' lang='lat' dir='ltr'><strong>Christo</strong></span> <span class='ocrx_word' id='word_1_140' title='bbox 1575 1975 1767 2043; x_wconf 85' lang='lat' dir='ltr'><strong>puero</strong></span> <span class='ocrx_word' id='word_1_141' title='bbox 1819 1978 1852 2016; x_wconf 85' lang='lat' dir='ltr'>a</span> <span class='ocrx_word' id='word_1_142' title='bbox 1888 1955 2097 2046; x_wconf 81' lang='lat' dir='ltr'><strong>Magis</strong></span> <span class='ocrx_word' id='word_1_143' title='bbox 2125 1948 2387 2041; x_wconf 81' lang='lat' dir='ltr'><strong>praestita</strong></span> 
     </span>
     <span class='ocr_line' id='line_1_20' title="bbox 673 2039 2388 2134; baseline 0.001 -28"><span class='ocrx_word' id='word_1_144' title='bbox 673 2045 741 2106; x_wconf 84' lang='lat' dir='ltr'><strong>in</strong></span> <span class='ocrx_word' id='word_1_145' title='bbox 780 2040 907 2109; x_wconf 84' lang='lat' dir='ltr'><strong>finu</strong></span> <span class='ocrx_word' id='word_1_146' title='bbox 947 2048 1214 2123; x_wconf 80' lang='lat' dir='ltr'><strong>Matris,</strong></span> <span class='ocrx_word' id='word_1_147' title='bbox 1250 2042 1545 2132; x_wconf 83' lang='lat' dir='ltr'><strong>mysticas</strong></span> <span class='ocrx_word' id='word_1_148' title='bbox 1588 2049 1643 2110; x_wconf 89' lang='lat' dir='ltr'><strong>ei</strong></span> <span class='ocrx_word' id='word_1_149' title='bbox 1678 2071 2005 2112; x_wconf 87' lang='lat' dir='ltr'><strong>munerum</strong></span> <span class='ocrx_word' id='word_1_150' title='bbox 2043 2046 2270 2134; x_wconf 88' lang='lat' dir='ltr'><strong>species</strong></span> <span class='ocrx_word' id='word_1_151' title='bbox 2298 2039 2388 2108; x_wconf 87' lang='lat' dir='ltr'><strong>of-</strong></span> 
     </span>
     <span class='ocr_line' id='line_1_21' title="bbox 672 2133 2386 2233; baseline 0.002 -33"><span class='ocrx_word' id='word_1_152' title='bbox 672 2133 1013 2204; x_wconf 83' lang='lat' dir='ltr'><strong>ferentibus</strong></span> <span class='ocrx_word' id='word_1_153' title='bbox 1050 2188 1071 2216; x_wconf 83' lang='lat'><strong>,</strong></span> <span class='ocrx_word' id='word_1_154' title='bbox 1120 2138 1399 2206; x_wconf 80' lang='lat' dir='ltr'><strong>ediderat</strong></span> <span class='ocrx_word' id='word_1_155' title='bbox 1438 2138 1603 2205; x_wconf 89' lang='lat' dir='ltr'><strong>idem</strong></span> <span class='ocrx_word' id='word_1_156' title='bbox 1646 2144 1927 2233; x_wconf 71' lang='lat' dir='ltr'><strong>Congius</strong></span> <span class='ocrx_word' id='word_1_157' title='bbox 1968 2141 2031 2204; x_wconf 90' lang='lat' dir='ltr'><strong>in</strong></span> <span class='ocrx_word' id='word_1_158' title='bbox 2073 2140 2386 2205; x_wconf 55' lang='lat' dir='ltr'><strong>Familia-</strong></span> 
     </span>
     <span class='ocr_line' id='line_1_22' title="bbox 667 2232 2383 2321; baseline 0.003 -27"><span class='ocrx_word' id='word_1_159' title='bbox 667 2232 924 2321; x_wconf 84' lang='lat' dir='ltr'><strong>Joannis</strong></span> <span class='ocrx_word' id='word_1_160' title='bbox 949 2232 1240 2298; x_wconf 84' lang='lat' dir='ltr'><strong>Zimiscae</strong></span> <span class='ocrx_word' id='word_1_161' title='bbox 1262 2239 1363 2313; x_wconf 83' lang='lat'><strong>(3)</strong></span> <span class='ocrx_word' id='word_1_162' title='bbox 1396 2282 1409 2297; x_wconf 89' lang='lat'><strong>.</strong></span> <span class='ocrx_word' id='word_1_163' title='bbox 1437 2237 1563 2298; x_wconf 86' lang='lat' dir='ltr'><strong>Cui</strong></span> <span class='ocrx_word' id='word_1_164' title='bbox 1599 2233 1836 2300; x_wconf 87' lang='lat' dir='ltr'><strong>idcirco</strong></span> <span class='ocrx_word' id='word_1_165' title='bbox 1881 2233 2157 2301; x_wconf 86' lang='lat' dir='ltr'><strong>nostrum</strong></span> <span class='ocrx_word' id='word_1_166' title='bbox 2190 2237 2383 2299; x_wconf 81' lang='lat' dir='ltr'><strong>etiam</strong></span> 
     </span>
     <span class='ocr_line' id='line_1_23' title="bbox 672 2321 2384 2417; baseline 0.002 -30"><span class='ocrx_word' id='word_1_167' title='bbox 672 2328 741 2387; x_wconf 91' lang='lat' dir='ltr'>N</span> <span class='ocrx_word' id='word_1_168' title='bbox 749 2321 1010 2389; x_wconf 82' lang='lat' dir='ltr'><strong>umisma</strong></span> <span class='ocrx_word' id='word_1_169' title='bbox 1032 2373 1054 2401; x_wconf 89' lang='lat'>,</span> <span class='ocrx_word' id='word_1_170' title='bbox 1078 2326 1244 2414; x_wconf 87' lang='lat' dir='ltr'><strong>quod</strong></span> <span class='ocrx_word' id='word_1_171' title='bbox 1264 2328 1493 2414; x_wconf 83' lang='lat' dir='ltr'><strong>primus</strong></span> <span class='ocrx_word' id='word_1_172' title='bbox 1520 2327 1582 2389; x_wconf 89' lang='lat' dir='ltr'><strong>in</strong></span> <span class='ocrx_word' id='word_1_173' title='bbox 1607 2328 1812 2391; x_wconf 81' lang='lat' dir='ltr'><strong>lucem</strong></span> <span class='ocrx_word' id='word_1_174' title='bbox 1837 2326 2085 2417; x_wconf 87' lang='lat' dir='ltr'><strong>profero</strong></span> <span class='ocrx_word' id='word_1_175' title='bbox 2108 2375 2126 2403; x_wconf 92' lang='lat'>‚</span> <span class='ocrx_word' id='word_1_176' title='bbox 2160 2326 2384 2393; x_wconf 84' lang='lat' dir='ltr'><strong>adscri—</strong></span> 
     </span>
     <span class='ocr_line' id='line_1_24' title="bbox 672 2414 2379 2513; baseline 0.002 -31"><span class='ocrx_word' id='word_1_177' title='bbox 672 2415 942 2483; x_wconf 85' lang='lat' dir='ltr'><strong>bendum</strong></span> <span class='ocrx_word' id='word_1_178' title='bbox 963 2414 1076 2484; x_wconf 80' lang='lat' dir='ltr'><strong>effe</strong></span> <span class='ocrx_word' id='word_1_179' title='bbox 1096 2420 1388 2508; x_wconf 81' lang='lat' dir='ltr'><strong>putabam</strong></span> <span class='ocrx_word' id='word_1_180' title='bbox 1409 2467 1430 2496; x_wconf 86' lang='lat'>,</span> <span class='ocrx_word' id='word_1_181' title='bbox 1453 2422 1767 2504; x_wconf 85' lang='lat' dir='ltr'><strong>inclytum</strong></span> <span class='ocrx_word' id='word_1_182' title='bbox 1791 2418 2034 2487; x_wconf 76' lang='lat' dir='ltr'><strong>fortasse</strong></span> <span class='ocrx_word' id='word_1_183' title='bbox 2071 2421 2238 2487; x_wconf 84' lang='lat' dir='ltr'><strong>aliud</strong></span> <span class='ocrx_word' id='word_1_184' title='bbox 2256 2425 2379 2513; x_wconf 73' lang='lat' dir='ltr'><strong>pie-</strong></span> 
     </span>
     <span class='ocr_line' id='line_1_25' title="bbox 672 2512 2378 2607; baseline 0.002 -30"><span class='ocrx_word' id='word_1_185' title='bbox 672 2513 813 2578; x_wconf 84' lang='lat' dir='ltr'><strong>tatis</strong></span> <span class='ocrx_word' id='word_1_186' title='bbox 869 2515 1322 2580; x_wconf 85' lang='lat' dir='ltr'><strong>monimentum</strong></span> <span class='ocrx_word' id='word_1_187' title='bbox 1372 2512 1799 2606; x_wconf 83' lang='lat' dir='ltr'><strong>religiofiffimi</strong></span> <span class='ocrx_word' id='word_1_188' title='bbox 1836 2518 2000 2582; x_wconf 86' lang='lat' dir='ltr'><strong>illius</strong></span> <span class='ocrx_word' id='word_1_189' title='bbox 2037 2521 2378 2607; x_wconf 83' lang='lat' dir='ltr'><strong>Imperato-</strong></span> 
     </span>
     <span class='ocr_line' id='line_1_26' title="bbox 669 2607 2378 2698; baseline 0.001 -25"><span class='ocrx_word' id='word_1_190' title='bbox 669 2607 752 2673; x_wconf 86' lang='lat' dir='ltr'><strong>ris</strong></span> <span class='ocrx_word' id='word_1_191' title='bbox 772 2615 901 2690; x_wconf 86' lang='lat'>(4),</span> <span class='ocrx_word' id='word_1_192' title='bbox 923 2610 1026 2698; x_wconf 90' lang='lat' dir='ltr'><strong>qui</strong></span> <span class='ocrx_word' id='word_1_193' title='bbox 1044 2607 1287 2675; x_wconf 85' lang='lat' dir='ltr'><strong>decimo</strong></span> <span class='ocrx_word' id='word_1_194' title='bbox 1315 2608 1542 2678; x_wconf 88' lang='lat' dir='ltr'><strong>Christi</strong></span> <span class='ocrx_word' id='word_1_195' title='bbox 1561 2611 2126 2689; x_wconf 83' lang='lat' dir='ltr'><strong>Saecu10,videlicet</strong></span> <span class='ocrx_word' id='word_1_196' title='bbox 2149 2610 2224 2676; x_wconf 81' lang='lat' dir='ltr'><strong>ab</strong></span> <span class='ocrx_word' id='word_1_197' title='bbox 2244 2618 2378 2679; x_wconf 46' lang='lat' dir='ltr'><strong>An*</strong></span> 
     </span>
    </p>
   </div>
   <div class='ocr_carea' id='block_1_3' title="bbox 2297 2731 2377 2774">
    <p class='ocr_par' dir='ltr' id='par_1_3' title="bbox 2297 2731 2377 2774">
     <span class='ocr_line' id='line_1_27' title="bbox 2297 2731 2377 2774; baseline 0.038 -3"><span class='ocrx_word' id='word_1_198' title='bbox 2297 2731 2377 2774; x_wconf 87' lang='lat' dir='ltr'><strong>no</strong></span> 
     </span>
    </p>
   </div>
   <div class='ocr_carea' id='block_1_4' title="bbox 667 2794 2372 3073">
    <p class='ocr_par' dir='ltr' id='par_1_4' title="bbox 670 2794 2372 2906">
     <span class='ocr_line' id='line_1_28' title="bbox 728 2794 2372 2852; baseline 0.004 -18"><span class='ocrx_word' id='word_1_199' title='bbox 728 2797 792 2843; x_wconf 88' lang='lat'><strong>(1)</strong></span> <span class='ocrx_word' id='word_1_200' title='bbox 821 2796 943 2836; x_wconf 83' lang='lat' dir='ltr'><strong>Tom.</strong></span> <span class='ocrx_word' id='word_1_201' title='bbox 973 2796 1032 2837; x_wconf 87' lang='lat'><strong>11.</strong></span> <span class='ocrx_word' id='word_1_202' title='bbox 1076 2794 1270 2837; x_wconf 84' lang='lat' dir='ltr'><strong>Numism.</strong></span> <span class='ocrx_word' id='word_1_203' title='bbox 1301 2796 1488 2852; x_wconf 83' lang='lat' dir='ltr'><strong>Imperat·</strong></span> <span class='ocrx_word' id='word_1_204' title='bbox 1613 2797 1674 2847; x_wconf 89' lang='lat'><strong>[3]</strong></span> <span class='ocrx_word' id='word_1_205' title='bbox 1705 2797 2067 2852; x_wconf 80' lang='lat' dir='ltr'><strong>Histor.Byzantin.</strong></span> <span class='ocrx_word' id='word_1_206' title='bbox 2087 2807 2268 2852; x_wconf 73' lang='lat' dir='ltr'><strong>pag-152·</strong></span> <span class='ocrx_word' id='word_1_207' title='bbox 2369 2839 2372 2841; x_wconf 16' lang='grc' dir='ltr'><strong>Α</strong></span> 
     </span>
     <span class='ocr_line' id='line_1_29' title="bbox 670 2852 2371 2906; baseline 0.001 -17"><span class='ocrx_word' id='word_1_208' title='bbox 670 2860 857 2902; x_wconf 75' lang='lat' dir='ltr'><strong>pag.739·</strong></span> <span class='ocrx_word' id='word_1_209' title='bbox 1610 2855 1673 2900; x_wconf 82' lang='lat'><strong>(4)</strong></span> <span class='ocrx_word' id='word_1_210' title='bbox 1706 2852 1849 2893; x_wconf 78' lang='lat' dir='ltr'><strong>Videfis</strong></span> <span class='ocrx_word' id='word_1_211' title='bbox 1863 2868 1945 2906; x_wconf 82' lang='lat' dir='ltr'><strong>quae</strong></span> <span class='ocrx_word' id='word_1_212' title='bbox 1963 2855 2009 2894; x_wconf 84' lang='lat' dir='ltr'><strong>de</strong></span> <span class='ocrx_word' id='word_1_213' title='bbox 2027 2853 2096 2892; x_wconf 78' lang='lat' dir='ltr'><strong>illo</strong></span> <span class='ocrx_word' id='word_1_214' title='bbox 2112 2854 2277 2893; x_wconf 81' lang='lat' dir='ltr'><strong>diximus</strong></span> <span class='ocrx_word' id='word_1_215' title='bbox 2290 2879 2303 2896; x_wconf 87' lang='lat'><em>,</em></span> <span class='ocrx_word' id='word_1_216' title='bbox 2335 2858 2371 2894; x_wconf 83' lang='lat'>&amp;</span> 
     </span>
    </p>

    <p class='ocr_par' dir='ltr' id='par_1_5' title="bbox 667 2903 2370 3073">
     <span class='ocr_line' id='line_1_30' title="bbox 727 2903 2368 2951; baseline 0.005 -11"><span class='ocrx_word' id='word_1_217' title='bbox 727 2909 788 2951; x_wconf 72' lang='grc' dir='ltr'><strong>(ι)</strong></span> <span class='ocrx_word' id='word_1_218' title='bbox 821 2903 949 2944; x_wconf 82' lang='lat' dir='ltr'>Exstat</span> <span class='ocrx_word' id='word_1_219' title='bbox 966 2904 1014 2942; x_wconf 86' lang='lat' dir='ltr'><strong>ad</strong></span> <span class='ocrx_word' id='word_1_220' title='bbox 1030 2905 1173 2944; x_wconf 73' lang='lat' dir='ltr'><strong>calcem</strong></span> <span class='ocrx_word' id='word_1_221' title='bbox 1194 2903 1374 2946; x_wconf 75' lang='lat' dir='ltr'><strong>Gloffarii</strong></span> <span class='ocrx_word' id='word_1_222' title='bbox 1400 2921 1480 2947; x_wconf 88' lang='lat' dir='ltr'><strong>me-</strong></span> <span class='ocrx_word' id='word_1_223' title='bbox 1557 2907 1648 2947; x_wconf 81' lang='lat' dir='ltr'><strong>item</strong></span> <span class='ocrx_word' id='word_1_224' title='bbox 1685 2908 1732 2945; x_wconf 73' lang='lat' dir='ltr'><strong>de</strong></span> <span class='ocrx_word' id='word_1_225' title='bbox 1752 2906 1897 2948; x_wconf 70' lang='lat' dir='ltr'><strong>Issacio</strong></span> <span class='ocrx_word' id='word_1_226' title='bbox 1913 2910 2118 2949; x_wconf 79' lang='lat' dir='ltr'><strong>Comneno</strong></span> <span class='ocrx_word' id='word_1_227' title='bbox 2144 2908 2179 2946; x_wconf 79' lang='lat' dir='ltr'><strong>in</strong></span> <span class='ocrx_word' id='word_1_228' title='bbox 2199 2910 2315 2947; x_wconf 83' lang='lat' dir='ltr'><strong>Parte</strong></span> <span class='ocrx_word' id='word_1_229' title='bbox 2333 2912 2368 2949; x_wconf 90' lang='lat'><strong>1.</strong></span> 
     </span>
     <span class='ocr_line' id='line_1_31' title="bbox 670 2955 2370 3018; baseline 0.002 -17"><span class='ocrx_word' id='word_1_230' title='bbox 670 2955 741 2995; x_wconf 69' lang='lat' dir='ltr'><strong>dfae</strong></span> <span class='ocrx_word' id='word_1_231' title='bbox 758 2983 773 3001; x_wconf 70' lang='lat'><em>2</em></span> <span class='ocrx_word' id='word_1_232' title='bbox 800 2961 837 2996; x_wconf 70' lang='lat'><strong>8&lt;</strong></span> <span class='ocrx_word' id='word_1_233' title='bbox 869 2955 1004 2999; x_wconf 67' lang='lat' dir='ltr'><strong>‘nfimae</strong></span> <span class='ocrx_word' id='word_1_234' title='bbox 1018 2958 1237 3003; x_wconf 74' lang='lat' dir='ltr'><strong>Latinitaetis</strong></span> <span class='ocrx_word' id='word_1_235' title='bbox 1253 2987 1263 3002; x_wconf 85' lang='lat'><strong>.</strong></span> <span class='ocrx_word' id='word_1_236' title='bbox 1294 2960 1394 3001; x_wconf 72' lang='lat' dir='ltr'><strong>vide</strong></span> <span class='ocrx_word' id='word_1_237' title='bbox 1425 2961 1479 3003; x_wconf 77' lang='lat' dir='ltr'><strong>ibi</strong></span> <span class='ocrx_word' id='word_1_238' title='bbox 1553 2963 1665 3011; x_wconf 84' lang='lat' dir='ltr'><strong>hujus</strong></span> <span class='ocrx_word' id='word_1_239' title='bbox 1683 2963 1964 3004; x_wconf 75' lang='lat' dir='ltr'><strong>Commentarii</strong></span> <span class='ocrx_word' id='word_1_240' title='bbox 1984 2989 1996 3002; x_wconf 85' lang='lat'>.</span> <span class='ocrx_word' id='word_1_241' title='bbox 2030 2964 2313 3018; x_wconf 77' lang='lat' dir='ltr'>Cap.xxxv11.</span> <span class='ocrx_word' id='word_1_242' title='bbox 2330 2967 2370 3005; x_wconf 70' lang='lat'><strong>8&lt;</strong></span> 
     </span>
     <span class='ocr_line' id='line_1_32' title="bbox 667 3011 1852 3073; baseline 0.006 -23"><span class='ocrx_word' id='word_1_243' title='bbox 667 3011 794 3052; x_wconf 80' lang='lat' dir='ltr'><strong>Num.</strong></span> <span class='ocrx_word' id='word_1_244' title='bbox 811 3022 908 3052; x_wconf 69' lang='lat' dir='ltr'>xxv1</span> <span class='ocrx_word' id='word_1_245' title='bbox 920 3023 957 3054; x_wconf 70' lang='grc' dir='ltr'><strong>ι.</strong></span> <span class='ocrx_word' id='word_1_246' title='bbox 1553 3016 1852 3073; x_wconf 45' lang='lat' dir='ltr'><strong>Capax-uin.</strong></span> 
     </span>
    </p>
   </div>
  </div>
 </body>
</html>
