2535 3862
725 251 791 305 28
1066 235 1996 296 NUMMUSAERi-:us

722 347 947 413 fuerint
969 387 990 417 ‚
1013 352 1327 427 oporteret
1352 334 1513 394 enim
1542 332 1717 395 illum
1741 327 1959 395 docere
1984 379 2004 408 ,
2026 354 2147 420 quo
2169 329 2232 396 id
2252 348 2406 396 tem-
2464 406 2465 410 Ἰ

722 462 869 531 pore
902 431 1228 519 contigerit
1253 474 1272 502 ,
1312 449 1513 515 quove
1550 423 1761 489 ordine
1786 473 1806 502 ,
1842 420 1966 490 five
2004 425 2191 490 modo
2233 421 2404 489 caus-
2466 437 2467 440 ’

722 529 871 596 fisve
901 525 1156 591 fecerint
1180 524 1448 603 Majm-es
1486 517 1668 584 nostri
1698 544 1712 580 ε
1750 541 1880 606 quae
1916 521 2121 582 omnia
2156 515 2407 582 filentur

726 623 801 690 ab
837 624 908 687 iis
944 619 1227 685 omnibus
1261 661 1282 690 ‚
1339 616 1441 702 qui
1480 613 1554 677 de
1595 617 1874 702 Imagine
1920 615 2257 678 Salvatoris
2301 613 2408 676 ali-

727 715 971 810 quando
1014 708 1415 778 disseruerunt
1440 756 1455 770 .
1493 706 1644 773 Inde
1680 725 1889 797 patet,
1931 703 2035 771 etfi
2073 708 2287 771 critico
2311 729 2410 769 ve·-
2476 789 2477 792 Ἴ

732 814 930 877 ritatis
968 802 1347 872 recludendae
1369 849 1389 878 ,
1420 800 1485 868 8(
1515 798 1947 889 consequendae
1979 804 2254 864 examine
2276 800 2414 887 Epi-
2444 872 2446 874 v
2501 812 2505 817 ’

733 905 948 971 stolam
990 901 1213 966 Liberii
1252 894 1563 964 Pontificis
1596 892 1837 984 respuas
1863 943 1884 971 ‚
1925 914 2239 982 tamquam
2280 914 2419 981 apo·
2507 966 2510 968 q

739 999 1040 1087 crypham
1062 1042 1081 1069 ,
1118 1017 1185 1057 ac
1220 989 1508 1054 fistitiam
1531 1038 1551 1065 ,
1590 990 1740 1054 nihil
1768 1009 1968 1054 tamen
1994 1012 2210 1052 eorum
2234 1035 2253 1063 ,
2283 1009 2417 1075 quae

737 1091 812 1156 de
835 1094 942 1154 hac
971 1084 1313 1151 admirabili
1335 1086 1614 1175 Imagine
1641 1086 2031 1149 recitavimus
2051 1132 2071 1161 ,
2095 1081 2388 1147 infirmari
2406 1125 2424 1143 .

739 1186 986 1250 Etenim
1033 1181 1337 1244 nonnullis
1363 1197 1501 1242 ante
1526 1180 1904 1260 Gregorium
1941 1184 2034 1244 11.
2065 1174 2427 1242 Pontificem
2488 1192 2489 1196 ’

740 1278 1101 1343 Maximum
1136 1275 1304 1336 annis
1348 1274 1660 1336 Solemnes
1704 1275 1968 1338 Litanias
2016 1274 2134 1336 Die
2186 1266 2427 1336 Assum-

744 1372 926 1435 tionis
973 1374 1168 1433 Beatae
1215 1367 1495 1455 Virginis
1532 1368 1749 1431 Mariae
1799 1370 1860 1429 in
1901 1364 2079 1437 Urbe
2132 1362 2430 1428 institutas

746 1460 951 1528 fuisse:
994 1462 1060 1528 ὅ(
1095 1455 1251 1522 infra
1291 1461 1512 1546 Capite
1541 1483 1643 1521 xx.
1682 1457 2112 1547 exquifivimus
2149 1461 2250 1537 (ι)
2286 1503 2306 1531 ,
2349 1474 2434 1520 at-

752 1579 867 1644 que
906 1578 979 1619 ex
1011 1552 1197 1619 Libro
1226 1549 1567 1616 Pontificali
1601 1549 1840 1618 abunde
1889 1554 2296 1644 cognovimus
2320 1598 2335 1613 .

388 1723 512 1765 CAP.
542 1722 650 1763 XXV

336 1777 400 1819 De
431 1777 705 1829 veralmagfne
932 1743 1042 1808 AEc
1087 1742 1276 1831 igitur
1317 1763 1459 1803 cum
1503 1740 1586 1803 ita
1624 1735 1740 1805 fint
1773 1790 1792 1818 ,
1838 1740 1913 1805 de
1959 1741 2156 1805 Sacris
2213 1739 2439 1824 Imagi-

334 1831 708 1935 {ffi'cffi‘fffliD'N‘
967 1834 1140 1900 nibus
1181 1832 1335 1925 Jesu
1371 1831 1598 1898 Christi
1652 1838 1905 1900 Domini
1955 1832 2142 1897 nostri
2184 1880 2204 1908 ,
2270 1831 2441 1921 Caefh-

756 1933 962 2021 rietgsi,
998 1928 1325 2018 Amidezfi,
1366 1951 1427 1989 ac
1470 1927 1724 1994 Romana
1753 1978 1773 2006 ‚
1812 1928 2079 1993 dilucide
2121 1923 2394 2016 exposita
2420 1973 2440 2002 ‚

756 2052 826 2091 ac
862 2021 1310 2097 demonstrata,
1346 2045 1496 2084 num
1545 2026 1706 2087 ultra
1750 2020 1823 2088 fit
1866 2021 2218 2114 ambigendi
2272 2023 2442 2084 locus
2512 2104 2513 2108 Ἰ

757 2144 892 2184 eam
924 2120 994 2183 ad
1031 2140 1137 2181 nos
1170 2111 1502 2205 pervenisse
1534 2120 1872 2208 integram,
1911 2136 2093 2206 atque
2127 2113 2442 2190 finceram,
2474 2126 2477 2129 ⁴
2514 2169 2515 2179 i

758 2211 1092 2299 disquirant
1133 2213 1232 2272 alii
1277 2257 1290 2270 .
1332 2211 1852 2297 Qandoquidem
1898 2213 2090 2297 priori
2131 2228 2301 2274 aetate
2342 2232 2446 2274 ve-

759 2324 904 2370 xata
944 2305 1122 2366 nimis
1155 2303 1482 2387 tyrannica
1524 2301 1748 2366 saevitie
1787 2303 2133 2368 Christiana
2171 2304 2446 2393 Religio-

762 2423 878 2475 ne,
915 2393 1265 2462 difficiliora
1300 2419 1366 2457 ea
1406 2390 1576 2460 fuisse
1621 2415 1935 2487 tempora,
1979 2398 2110 2485 quis
2153 2419 2448 2483 umquam
2490 2400 2523 2462 ,Ϊ

763 2511 982 2583 neget,
1024 2487 1200 2554 sacris
1237 2486 1544 2574 mysteriis
1569 2537 1589 2565 ,
1629 2492 1843 2555 ritibus
1867 2540 1887 2568 ‚
1940 2515 2008 2556 ac
2047 2488 2444 2555 sanstioribus

763 2587 1074 2674 reliquiiS,
1117 2581 1474 2674 lipsanisque
1511 2581 1940 2662 adservandis,
1990 2582 2396 2649 custodiendis
2420 2633 2442 2661 ‚
2526 2594 2527 2606 ¹

768 2680 833 2746 ὅ(
870 2681 943 2744 ab
986 2682 1199 2761 injuria
1231 2726 1251 2753 ,
1301 2703 1369 2741 ac
1415 2681 1696 2745 convicio
1735 2682 1892 2747 male
1941 2677 2300 2750 feriatorum
2341 2680 2446 2743 ho·
2528 2690 2529 2694 ’

768 2777 1007 2840 minum
1047 2767 1475 2837 defendendis?

2274 2872 2453 2934 Parta

823 2991 880 3040 [Ι]
909 2990 1050 3034 Videfis
1067 2989 1272 3043 praesertim
1286 2989 1421 3041 pagina
1439 3016 1450 3033 .
1468 3001 1533 3037 25·
