2535 3862
556 201 1430 265 GLYPTOGRAPHICA.
1761 219 1851 280 95

132 312 234 357 tur
261 339 282 369 ,
315 292 373 355 in
410 289 628 378 quibus
674 309 805 358 arte
845 290 1129 384 magistra
1167 314 1432 382 quatuor
1471 294 1670 384 capita
1707 291 1858 358 obli-

130 411 246 474 que
293 389 763 475 exprimuntur.
808 391 884 452 In
924 413 1082 464 una,
1125 389 1384 473 Trajani
1428 409 1616 478 caput
1659 411 1858 453 cum-³

127 482 371 545 Plotina
415 502 601 545 uxore
628 505 931 570 ‚quorum
970 507 1000 545 e
1037 485 1322 573 regione,
1345 487 1665 548 Marciana
1705 486 1864 548 Tra-

116 577 244 655 jani
292 574 462 641 soror
500 621 521 650 ,
571 599 639 638 ac
688 576 954 640 Matidia
1005 579 1339 640 Marcianae
1383 576 1506 641 filia
1537 626 1556 653 ,
1609 578 1750 643 bina
1791 603 1861 641 ac

127 668 267 734 bina
292 716 311 745 ‚
334 666 391 733 se
439 687 665 732 mutuo
700 667 1079 758 respicientia
1106 717 1121 732 .
1159 674 1232 734 In
1272 672 1460 734 altera
1483 718 1504 746 ‚
1532 674 1864 760 Septimius

129 766 402 829 Severus
438 813 458 843 ‚
501 760 566 827 ὅ(
596 763 776 851 Julia
810 810 830 838 ‚
874 786 1009 851 quae
1052 762 1158 828 Pia
1198 762 1427 829 dicitur
1453 812 1473 840 ‚
1520 765 1695 828 Felix
1724 812 1744 840 ,
1798 763 1862 832 ὃς

134 860 280 922 item
317 855 580 919 Damna:
626 880 693 919 ac
731 876 943 921 contra
964 859 1337 948 ,Septimius
1364 863 1532 924 Geta
1553 907 1573 937 ‚
1610 856 1674 925 ὅς
1697 862 1867 922 Mar-

129 975 237 1016 cus
281 952 580 1016 Aurelius
618 953 979 1017 Antoninus
1020 950 1322 1017 Caracalla
1351 1002 1365 1017 .
1403 958 1539 1020 Has
1581 973 1864 1043 gemmas

125 1044 203 1110 ad
235 1042 415 1110 usum
439 1047 678 1111 Domni
706 1047 1039 1112 Michaelis
1063 1049 1296 1141 Angeli
1322 1044 1525 1115 Corfii
1553 1094 1572 1122 ,
1599 1046 1863 1112 Abbatis

123 1141 649 1232 Congregationis
706 1143 1058 1207 Olivetanae
1104 1191 1124 1219 ,
1189 1143 1521 1207 Dominicus
1563 1143 1805 1207 caelavit
1844 1190 1858 1205 .

127 1236 474 1300 Memorari
515 1237 707 1300 etiam
744 1233 924 1301 debet
946 1235 1205 1303 Caesaris
1233 1236 1500 1327 Augusti
1527 1256 1860 1324 protome,

123 1333 334 1394 laureo
357 1328 705 1394 diademate
743 1328 1027 1396 redimita
1050 1380 1071 1409 ,
1107 1330 1170 1399 ὃς
1205 1332 1453 1422 ρεξὶοῑε
1493 1351 1669 1396 tenus
1700 1332 1858 1396 chal-

121 1424 382 1489 cedonio
414 1471 435 1500 ,
474 1423 715 1489 moduli
758 1429 1004 1510 majoris
1030 1475 1048 1503 ,
1093 1424 1436 1517 insculpta,
1472 1450 1617 1491 cum
1657 1426 1858 1491 thora-

125 1543 192 1583 ce
230 1516 589 1607 squammeo
618 1567 639 1595 ‚
683 1543 752 1582 ac
795 1542 1074 1609 gorgone
1116 1524 1177 1585 in
1215 1520 1421 1586 medio
1462 1517 1574 1585 fita
1605 1569 1619 1583 .
1670 1522 1859 1609 Opus

116 1611 280 1697 juffu
337 1611 635 1677 Roderici
686 1616 1070 1678 Marchionis
1132 1615 1205 1678 de
1259 1620 1519 1684 Fuentes
1579 1660 1600 1689 ,
1666 1615 1860 1703 Regis

124 1709 521 1799 Portugalliae
575 1710 637 1771 in
698 1706 877 1780 Urbe
938 1709 1233 1774 Oratoris
1294 1707 1685 1773 elaboratum
1732 1712 1863 1772 An·-

123 1826 206 1867 no
249 1824 556 1870 MDCCXVI.
611 1806 914 1869 Praeterea
963 1827 1311 1869 memorare
1357 1823 1608 1893 oportet
1648 1803 1867 1891 imagi-

124 1921 265 1961 nem
316 1899 570 1962 Nicolai
614 1895 846 1962 Duodo
889 1900 1164 1964 Comitis
1202 1903 1266 1964 S.
1297 1903 1377 1963 R.
1412 1903 1464 1963 I.
1513 1896 1863 1985 Smaragdo

39 2016 43 2026 ·
124 1988 338 2055 formae
371 1992 637 2056 anularis
679 1992 993 2081 eleganter
1034 1990 1109 2055 ab
1143 1991 1362 2056 eodem
1390 1989 1668 2079 sculpta,
1709 1991 1862 2054 dum

128 2091 477 2151 Romanam
528 2084 774 2156 Urbem
835 2085 1131 2148 incoleret
1179 2089 1433 2150 Venetae
1482 2082 1861 2173 Reipublicae

130 2183 413 2255 Orator,
454 2179 619 2243 circa
659 2182 920 2243 Annum
955 2199 1239 2244 MDCCXX.
1290 2182 1428 2243 Nec
1473 2177 1862 2242 reticendum

127 2297 350 2339 nomen
404 2273 692 2360 Francisci
730 2273 1016 2362 Ghinghii
1059 2275 1401 2337 Florentini
1426 2319 1444 2347 ,
1482 2274 1587 2360 qui
1628 2275 1858 2337 multas

128 2391 405 2462 gemmas
440 2369 501 2431 in
537 2368 736 2458 patria
768 2368 1048 2443 caelavit,
1074 2366 1353 2433 add-istus
1389 2364 1699 2457 stipendiis
1724 2371 1860 2432 Ma-

130 2486 401 2555 gnorum
443 2464 708 2528 Etruriae
748 2467 1004 2529 Ducum
1045 2458 1264 2529 Cosmi
1311 2489 1335 2526 1
1362 2466 1455 2526 11.
1501 2486 1568 2526 ac
1594 2464 1856 2552 Joannis

132 2557 417 2624 Gastonii
442 2604 462 2633 ,
504 2559 663 2647 (qui
703 2558 957 2623 ultimus
1000 2581 1074 2622 ex
1110 2560 1312 2622 Gente
1357 2555 1644 2621 Medicea
1684 2558 1856 2622 Prin-

129 2678 268 2744 ceps
316 2654 680 2742 regnavit);
717 2657 890 2737 cujus
927 2648 1059 2744 post
1101 2651 1347 2717 obitum
1386 2700 1406 2729 ,
1463 2653 1853 2742 Neapolim

130 2746 566 2836 transmigrare
626 2749 829 2814 voluit
881 2746 1046 2838 apud
1099 2750 1411 2815 Carolum
1461 2746 1850 2813 Borbonium

134 2852 376 2938 Regem
411 2837 726 2930 utriusque
770 2844 987 2908 Siciliae
1012 2891 1029 2907 .
1070 2844 1258 2910 Vivit
1293 2842 1491 2907 adhuc
1529 2840 1711 2932 ipfius
1748 2868 1850 2932 pa-

1715 2956 1805 3001 ter
1826 2983 1848 3012 ,

1964 297 2083 341 CAP.
2115 298 2244 343 XXVI
