2535 3862
534 194 1404 259 GLYPToGRAPHICA.
1703 206 1829 261 117

108 309 231 355 non
270 304 565 354 verentur
597 313 613 351 :
652 289 737 352 ita
775 305 845 352 ut
891 285 936 352 fi
973 309 1087 375 qua
1124 287 1299 369 hujus
1343 283 1544 374 operis
1585 282 1831 369 antiqua

104 406 353 474 gemma
400 385 610 447 caelata
670 384 730 446 in
776 405 996 448 manus
1048 404 1265 445 eorum
1324 378 1607 443 inciderit
1651 423 1669 450 ‚
1726 375 1832 463 qui

104 482 302 543 aureis
347 479 541 542 anulis
578 476 652 540 acl
690 479 996 541 ornandos
1044 474 1275 565 digitos
1320 470 1715 538 solummodo
1752 475 1835 533 in-

104 570 297 637 serere
332 569 576 636 student
607 619 628 649 ,
672 573 771 636 vel
817 595 929 660 pro
975 567 1187 659 figillis
1225 566 1301 630 ad
1338 569 1693 658 Horologia
1735 562 1834 628 ad-

105 664 297 756 penfis
345 684 605 730 utuntur
637 712 658 740 ‚
694 675 808 749 (ut
850 663 1035 728 nostri
1078 663 1194 726 aevi
1234 655 1353 725 fert
1393 658 1534 725 usus
1571 708 1591 736 ‚
1632 679 1834 723 cetera

105 785 228 828 non
264 757 778 849 improbandus),
806 754 1089 823 aversam
1132 775 1368 846 partem
1389 801 1409 830 ,
1438 755 1539 819 vel
1564 756 1836 842 compla-

108 881 252 921 nare
282 855 486 920 statim
522 849 747 917 faciant
782 900 803 928 ‚
867 854 968 916 vel
1005 850 1234 916 obduci
1283 852 1591 938 imperent
1639 845 1837 912 aurifi-

111 951 280 1015 cibus
305 997 326 1026 ,
362 965 583 1013 ornato
624 945 932 1013 flexilibus
981 947 1304 1011 cauliculis
1333 992 1352 1021 ,
1392 942 1457 1011 ὃς
1493 941 1839 1017 maeandriS,

110 1048 209 1110 vel
247 1069 319 1108 ex
358 1067 508 1110 auro
551 1066 708 1133 puro
746 1090 766 1120 ,
826 1046 928 1109 vel
964 1038 1318 1108 encausticis
1352 1064 1539 1106 aureo
1584 1060 1840 1128 opercu-

111 1143 174 1206 lo
199 1188 219 1216 ‚
268 1158 334 1204 ut
367 1141 591 1205 vitium
626 1137 1011 1204 vetustarum
1045 1159 1432 1230 gemmarum
1457 1183 1476 1210 ‚
1525 1135 1691 1222 quod
1726 1127 1841 1222 ipsi

111 1253 335 1325 putant
370 1283 390 1311 ,
450 1232 576 1299 five
621 1232 952 1299 emendent
987 1281 1007 1310 ,
1049 1232 1171 1298 five
1214 1226 1551 1295 emendasse
1593 1228 1840 1294 videan-

112 1348 260 1394 tur.
308 1336 431 1395 Res
468 1348 676 1394 autem
722 1351 842 1392 non
884 1331 966 1393 ita
1005 1325 1062 1391 se
1104 1326 1333 1403 habet3
1375 1327 1602 1389 etenim
1655 1320 1841 1386 soler-

117 1423 332 1490 tiffimi
365 1426 693 1489 hominum
731 1420 897 1487 fuere
925 1470 945 1499 ,
977 1425 1077 1509 qui
1119 1443 1398 1513 gemmas
1450 1418 1839 1492 inciderunt,

116 1539 297 1607 atque
352 1542 448 1581 eas
509 1516 618 1583 suo
665 1519 910 1582 nomine
965 1515 1281 1607 fignarunt
1317 1563 1337 1591 ,
1402 1512 1572 1601 quod
1630 1513 1840 1577 velex

117 1612 316 1678 nostra
353 1609 783 1678 Dissertatione
825 1609 963 1676 satis
1016 1612 1310 1698 superque
1358 1610 1502 1671 licet
1547 1606 1844 1694 intellige-

118 1732 224 1786 re,
268 1704 313 1772 fi
350 1704 768 1771 consideretur
806 1730 989 1794 quam
1033 1705 1326 1768 minimus
1376 1724 1589 1766 eorum
1631 1722 1843 1764 nume-

118 1828 261 1878 ωε,
323 1804 426 1890 qui
469 1802 621 1865 hanc
666 1798 929 1890 spartam
968 1798 1348 1864 adornarunt
1388 1844 1408 1872 ,
1473 1797 1697 1885 Capite
1747 1796 1839 1858 1I.

118 1895 571 1985 descriptorum
598 1945 611 1958 .
650 1898 855 1986 Igitur
895 1894 959 1959 id
996 1897 1208 1959 animo
1242 1888 1594 1964 versatum,
1640 1914 1706 1952 ac
1748 1885 1844 1950 sae-

117 2013 456 2084 penumero
497 1986 847 2073 hujusmodi
887 2011 1164 2078 gemmas
1210 2035 1230 2063 ,
1274 1988 1335 2047 in
1372 1987 1565 2048 altum
1603 1986 1788 2046 elatas
1825 2029 1845 2057 ‚

120 2102 335 2151 contra
381 2087 585 2148 lucem
625 2080 1006 2172 inspicientes
1039 2130 1060 2158 ‚
1102 2082 1390 2146 nOVImus
1428 2127 1449 2154 ‚
1509 2097 1689 2164 atque
1731 2079 1847 2138 in-,

121 2184 205 2245 eis
250 2176 803 2243 animadvertimus
830 2225 850 2254 ,
891 2201 1012 2242 non
1056 2176 1179 2240 fine
1222 2176 1455 2264 ingenti
1501 2171 1850 2236 admiratio-

121 2279 211 2340 nis
256 2291 397 2337 nota
423 2321 442 2349 ,
487 2275 821 2337 maximam
864 2273 1089 2336 coloris
1127 2268 1602 2358 aequabilitatem
1641 2291 1654 2327 :
1699 2263 1850 2328 adeo

125 2389 197 2437 ut
246 2365 464 2433 eodem
506 2384 632 2432 met
674 2367 885 2431 colore
938 2368 1308 2431 transluceat
1365 2363 1574 2452 imago
1631 2356 1855 2424 inscul-

127 2484 231 2557 pta
275 2510 295 2539 ,
359 2485 482 2550 quo
523 2460 751 2552 pariter
790 2486 929 2526 area
970 2458 1306 2549 transparet
1348 2483 1366 2534 3
1421 2455 1591 2544 quod
1647 2456 1856 2518 inven*

128 2582 261 2626 tum
305 2604 323 2631 ‚
372 2556 435 2622 ὅ(
484 2559 775 2646 pulcrum
811 2553 942 2622 visu
996 2605 1015 2633 ‚
1069 2553 1135 2623 ἃ
1172 2549 1663 2618 commendabile
1705 2596 1724 2623 ‚
1786 2572 1855 2612 ac

130 2650 580 2744 suspiciendum
619 2649 701 2715 est
737 2700 751 2715 .
805 2655 1009 2718 Heinc
1059 2667 1497 2743 argumentum
1534 2693 1555 2719 ,
1603 2643 1858 2708 reetum-

129 2773 248 2839 que
288 2744 593 2831 judicium
629 2741 890 2834 proferri
931 2748 1075 2810 licet
1100 2793 1120 2823 ,
1161 2767 1348 2834 quam
1394 2737 1698 2830 profunde
1723 2786 1743 2814 ,
1781 2739 1860 2802 Ia·

137 2864 317 2933 teque
343 2888 362 2917 ‚
402 2864 612 2907 omnes
647 2842 794 2905 artis
837 2836 1132 2916 recessu3‚
1177 2863 1247 2904 ac
1290 2832 1698 2925 praestantiam
1747 2835 1863 2895 cal-

1365 2947 1369 2951 ·
1671 2931 1864 2993 lerent

1907 276 2025 320 CAP«
2070 283 2217 322 XXXII
