2535 3862
569 188 1442 252 GLYPTOGRAPHICA.
1740 211 1871 269 107

141 279 423 348 invenire
459 277 538 345 ad
581 282 735 346 hanc
781 280 950 346 diem
992 283 1261 374 contigit
1298 331 1312 345 .
1367 278 1490 349 Sed
1532 282 1604 348 ex
1652 283 1742 351 his
1790 282 1877 351 fa-

143 379 261 441 cile
307 377 630 467 colligitur
684 379 867 442 lentis
923 379 1136 444 vitreae
1189 375 1579 444 conficiendae
1627 401 1879 447 artem...

145 477 405 538 Veteres
453 471 682 538 sciviffe
718 521 739 550 ‚
802 496 914 536 nec
956 471 1203 560 quidem
1259 475 1403 538 illos
1460 474 1740 554 latuisse,
1808 496 1882 543 ut

138 570 397 656 plurimi
447 565 770 632 censebant
808 615 822 630 .
879 571 969 631 Ea
1010 590 1198 656 porro
1238 566 1441 632 nostra
1488 573 1703 659 opinio
1749 570 1880 648 est,

141 681 212 727 ut
273 664 624 752 Scalptores
675 658 916 726 nonnisi
977 657 1355 750 μικροσκοσηῖῳ
1396 662 1590 745 adjuti
1629 713 1650 741 ,
1714 688 1887 756 gem..

138 780 387 823 marum
430 776 632 846 partes
677 753 1112 821 minutiffimas
1152 757 1369 821 caelare
1409 761 1773 849 potuerint:
1816 764 1885 827 il-

138 854 343 917 larum
381 855 610 915 etenim
656 853 994 940 (quamvis
1028 848 1170 914 satis
1212 851 1417 941 ampla
1452 850 1524 916 fit
1564 863 1799 933 area),
1839 853 1887 919 fi

138 950 341 1034 capita
374 948 557 1010 unius
583 994 604 1022 ‚
644 965 832 1034 atque
859 948 1122 1012 ,alterius
1159 941 1447 1037 imaginis
1498 945 1885 1014 confideren-

138 1061 240 1105 tur
279 1067 293 1104 :
353 1042 412 1103 in
449 1038 528 1104 iis
565 1042 772 1116 oculi,
809 1038 1169 1131 supercilia,
1216 1047 1341 1105 oris
1379 1037 1579 1109 forma
1609 1090 1629 1118 ,
1665 1068 1880 1123 aures;

133 1136 349 1200 omnia
389 1138 650 1199 minima
697 1132 809 1199 effe
859 1155 1111 1225 oportet
1140 1183 1155 1199 .
1205 1134 1386 1201 Idem
1425 1134 1765 1202 dicendum
1804 1139 1881 1204 de

134 1228 425 1294 manibus
456 1278 475 1305 ‚
512 1226 891 1321 pedibusque
929 1279 949 1307 ,
992 1250 1172 1319 atque
1227 1233 1360 1296 aliis
1406 1229 1746 1321 quibusque
1790 1259 1881 1298 re·

74 1345 76 1347 ’
135 1326 246 1390 bus
303 1325 642 1391 incidendis
680 1374 695 1391 .
742 1323 996 1390 Exstant
1047 1348 1199 1390 vero
1266 1331 1327 1389 in
1368 1324 1572 1414 Mzzss‘o
1628 1327 1879 1395 Vicsi‘orz'o

124 1424 431 1486 Gemmae
476 1423 691 1509 aliquae
756 1423 841 1484 ita
887 1424 1155 1512 parvulae
1192 1469 1212 1497 ,
1274 1441 1342 1487 ut
1395 1424 1702 1487 lenticulae
1743 1446 1881 1517 gra-

134 1538 332 1592 num,
378 1517 500 1580 illis
538 1515 734 1607 duplo
780 1524 976 1602 majus
1022 1514 1137 1595 fit3
1169 1514 1233 1582 ὃ(
1278 1536 1485 1580 tamen
1522 1520 1582 1580 in
1627 1519 1742 1594 iis,
1774 1523 1877 1584 vel

136 1607 591 1677 semiexstantes
638 1610 895 1701 figurae,
938 1614 1043 1675 vel
1085 1608 1285 1675 incisae
1334 1613 1564 1698 pariter
1610 1608 1879 1701 specian-

136 1725 279 1770 tur:
319 1726 502 1795 opere
545 1709 605 1769 in
643 1729 783 1771 area
822 1725 951 1770 tam
998 1706 1259 1795 parvula
1293 1701 1427 1769 sane
1469 1703 1880 1786 admirandO,

138 1825 285 1889 quas
324 1804 511 1866 oculo
557 1800 727 1866 nudo
780 1849 801 1878 ,
854 1804 957 1866 vix
1001 1798 1219 1865 incisas
1278 1796 1391 1865 effe
1440 1801 1824 1884 judicaveris
1861 1852 1877 1868 .

136 1901 338 1962 Porro
381 1920 504 1961 non
549 1897 625 1961 ad
675 1894 855 1960 usum
902 1894 1184 1986 signandi
1243 1898 1486 1960 caelatas
1525 1894 1697 1961 fuilse
1746 1922 1881 1962 cre-

134 1990 340 2057 dimus
378 2039 399 2067 ,
462 1989 562 2055 sed
619 1993 797 2055 unice
864 1989 937 2054 ab
983 1989 1455 2053 ostentationem
1515 1993 1661 2054 artis
1709 2000 1816 2071 (1)
1858 2041 1878 2056 .

137 2090 294 2151 Duae
340 2109 412 2149 ex
457 2087 547 2149 his
574 2084 1034 2177 Smaragdinae,
1078 2082 1668 2171 vetustiffimaeque‚
1712 2106 1881 2152 utra-

138 2206 257 2270 que
298 2199 466 2271 parte
505 2176 783 2245 inferiori
826 2203 1101 2243 concava
1135 2226 1155 2254 ,
1209 2180 1396 2242 anulo
1438 2202 1626 2243 aureo
1670 2205 1881 2247 recen-

141 2278 293 2342 tiori
335 2278 642 2368 eleganter
685 2275 760 2340 ad
796 2277 988 2339 latera
1027 2270 1372 2337 inserviunt
1415 2273 1556 2337 loco
1595 2279 1884 2363 Beryllo-

140 2397 327 2449 rum,
363 2390 550 2460 atque
592 2370 1053 2438 Adamantium
1084 2416 1105 2445 ,
1148 2369 1213 2435 ὅ(
1253 2371 1338 2432 ita
1380 2372 1637 2436 minutae
1687 2368 1831 2437 sunt
1856 2420 1878 2449 ,

1095 2466 1256 2530 02
1810 2486 1880 2533 ut

193 2607 254 2650 (ι)
289 2603 384 2641 Haee
401 2603 491 2641 artis
506 2603 711 2642 ostentatio
728 2597 979 2653 deprehendi·
1032 2609 1146 2648 opera
1164 2622 1176 2641 ‚
1197 2598 1352 2649 aliaque.
1365 2594 1535 2635 recenset
1553 2593 1696 2634 Plinius
1713 2620 1724 2631 .
1738 2596 1877 2633 'Natu-

138 2671 201 2698 tut
230 2659 265 2695 in
284 2656 538 2697 minutiffimis
559 2658 739 2709 operibus
755 2653 982 2697 Callicratis
1032 2654 1123 2692 ralis
1142 2651 1314 2693 Historiae
1329 2679 1344 2687 .
1372 2651 1483 2690 Libro
1501 2662 1586 2687 v11.
1603 2652 1696 2701 Cap.
1715 2663 1807 2689 xxx.
1837 2654 1875 2690 &

138 2712 422 2753 Lacedaemonii
438 2738 452 2755 ,
486 2716 520 2751 ὃ(
539 2711 790 2764 Myrmecidae
813 2709 982 2754 Milesii,
1032 2716 1078 2749 εἴ
1094 2712 1184 2747 item
1202 2732 1212 2745 .
1232 2709 1341 2747 Libro
1358 2720 1498 2746 ιυωῐνι4
1523 2710 1612 2757 Cap.
1632 2722 1670 2744 v.
1689 2708 1875 2745 Praeterca

139 2782 222 2819 quae
243 2779 498 2806 memorantur
519 2765 567 2805 ab
585 2766 751 2806 AEliano.
778 2766 894 2805 Varia
912 2764 981 2802 H't-
1033 2764 1157 2804 multa
1179 2764 1272 2803 scitu
1298 2763 1412 2814 digna
1445 2761 1584 2799 videris
1613 2762 1649 2800 in
1669 2761 1873 2800 adnotatis

139 2823 260 2861 Πανία
281 2847 291 2857 .
330 2822 438 2862 Libro
462 2834 498 2859 1.
535 2821 663 2873 Capite
683 2834 799 2860 xv11.
830 2820 984 2872 Qibus
1033 2820 1081 2858 ab
1100 2819 1248 2870 Joanne
1270 2818 1461 2860 Scheffero
1478 2816 1524 2854 ad
1542 2815 1679 2855 AElimi
1698 2828 1791 2867 opus
1815 2815 1873 2855 lo-

139 2874 393 2916 discemendis
413 2876 592 2928 operibus
614 2876 737 2926 nigras
770 2874 866 2915 setas
886 2889 981 2914 ocu·
1033 2887 1081 2913 co
1099 2875 1287 2917 indicato,
1308 2873 1440 2924 pagina
1459 2884 1553 2910 vero
1572 2884 1658 2920 304.
1675 2870 1774 2908 Vide
1788 2884 1872 2920 quae

139 2932 186 2970 lis
214 2934 420 2971 admovere
449 2943 627 2975 oportere
661 2929 794 2969 scribit
826 2933 951 2968 Varro
970 2957 981 2968 .
1033 2928 1077 2966 de
1108 2927 1272 2970 minimis
1305 2924 1519 2975 hujusmodi
1551 2938 1632 2964 arte
1653 2926 1757 2965 faffis
1775 2926 1873 2963 dixi-

142 2986 251 3028 Libro
269 2999 335 3035 νζ.
365 2989 412 3027 de
439 2985 586 3038 Lingua
618 2983 763 3039 Latinfa
787 3009 801 3022 .
833 2984 981 3025 Eadem
1032 2998 1115 3025 mus
1133 2984 1272 3036 Capite
1289 2996 1381 3022 xxv,
1411 2982 1542 3025 nostrae
1562 2980 1843 3024 Diffextationxs
1860 3008 1872 3020 .

1953 287 2076 332 CAP.
2106 293 2234 342 XXVI
2240 298 2281 344 11
