2535 3862
263 352 401 402 CAP.
429 357 508 399 XX

609 274 706 351 70
1059 254 1200 324 DE
1253 248 1855 322 SS.SEPTEM

607 358 858 433 ticibus
885 355 1217 425 arborum
1239 359 1266 438 <
1280 361 1344 440 1)
1371 413 1394 447 9
1418 374 1577 449 quae
1603 348 1762 421 sunt
1801 347 2094 424 summae
2134 353 2306 427 anti-

609 458 906 561 quitatis
934 520 959 552 9
1011 455 1084 523 ὅ(
1124 457 1442 527 maxime
1494 454 1565 522 in
1592 450 2066 524 vetustissimis
2105 457 2310 528 musl-

608 565 721 637 vis
747 560 1075 656 operibus
1098 559 1326 631 adhuc
1366 554 1794 629 exstantibus
1812 619 1836 655 9
1870 553 2310 654 iisdemun

608 691 650 739 a
676 664 867 738 claro
896 661 1311 759 Ciampinio
1333 681 1592 752 magna
1618 683 1708 732 ex
1731 679 1937 754 parte
1963 660 2167 731 editis
2184 663 2314 755 (2),

611 766 1133 841 adverterimus
1185 763 1561 864 aliquando
1613 785 1750 832 non
1789 761 2027 855 ⁸nullas
2075 761 2314 833 literas

614 870 824 944 simul
848 868 1211 964 copulatas
1235 931 1258 967 9
1310 885 1526 966 atque
1548 865 1947 960 compadlas
1972 929 1995 962 9
2050 864 2314 937 forma-

620 972 863 1072 tasque
889 970 1181 1042 illarum
1203 969 1416 1041 instar
1444 1030 1468 1067 9
1509 991 1668 1065 quae
1716 970 1787 1037 in
1818 967 2050 1039 nostro
2095 972 2318 1038 moni-

619 1095 861 1149 mento
894 1073 1222 1145 visuntur
1246 1104 1267 1149 3
1316 1072 1389 1140 &
1436 1093 1571 1142 non
1602 1092 1992 1166 numquam
2041 1072 2321 1141 nomina

619 1199 906 1278 quoque
930 1174 1607 1270 monogrammatice
1630 1178 1734 1260 (3)
1751 1173 2108 1245 contradla
2135 1178 2322 1270 (quae

622 1281 858 1355 omnia
882 1275 1201 1353 inferiori
1231 1294 1442 1351 aetate
1464 1274 1803 1372 usurpata
1825 1271 1983 1348 sunt
2009 1279 2324 1350 maxime

2253 1402 2326 1450 1n

678 1541 744 1585 (ι)
774 1535 930 1580 Consule
943 1536 1043 1579 edita
1057 1549 1077 1577 a
1091 1538 1199 1580 claris
1214 1537 1307 1579 viris
1319 1535 1447 1591 Diplo

622 1606 720 1632 mata
739 1592 872 1632 tabulis
887 1592 990 1633 oereis
1003 1591 1118 1632 incisa
1133 1620 1148 1638 ³
1170 1594 1208 1633 in
1220 1592 1353 1646 quibus
1372 1605 1446 1632 non

624 1643 733 1685 semel
761 1659 964 1687 occurrunt
986 1647 1135 1688 nomina
1159 1646 1310 1700 propria
1342 1671 1357 1689 ,
1385 1645 1447 1685 seu

623 1699 739 1738 etiam
767 1699 836 1737 alia
860 1699 976 1737 verba
998 1700 1202 1749 majoribus
1219 1697 1446 1740 chambleri-

626 1751 693 1791 bus
707 1764 857 1790 exarata
873 1779 883 1789 .
896 1754 993 1791 Item
1004 1752 1145 1794 consule
1158 1753 1318 1795 Codices
1332 1766 1448 1791 mem-

625 1803 827 1845 branaceos
869 1805 1039 1855 antiquos
1074 1807 1131 1842 M.
1158 1807 1218 1844 SS.
1248 1803 1448 1852 ejusdem..

626 1870 720 1899 notae
735 1883 749 1900 ,
767 1856 831 1908 qui
847 1870 950 1897 certe
969 1872 1053 1898 cum
1067 1859 1210 1900 vetusto
1220 1856 1450 1899 monimento

627 1917 665 1952 V
662 1911 836 1950 moriano
848 1909 964 1961 magis
978 1911 1204 1951 conveniunt
1223 1937 1234 1948 .

678 1965 765 2003 Duo
789 1974 996 2014 papyracea
1023 1962 1236 2014 Diplomata
1254 1963 1452 2001 servantur

624 2017 738 2059 modo
754 2019 882 2055 Romae
905 2016 946 2053 in
958 2015 1094 2065 [Museo
1120 2016 1276 2055 Vifforio
1292 2041 1302 2051 .
1322 2016 1452 2054 Unum

623 2070 693 2110 suit
706 2067 797 2110 olim
807 2067 950 2119 egregii
963 2067 1051 2107 Viri
1065 2069 1169 2106 Petri
1182 2067 1451 2119 Vimrii‚qu0d

625 2122 747 2164 edidit
777 2120 850 2160 Vir
879 2120 1036 2160 eximius
1065 2123 1190 2162 nostro
1218 2137 1298 2162 aevo
1326 2120 1450 2173 Scipio

624 2174 798 2217 Marchio
812 2171 981 2213 Maffeius
996 2173 1034 2213 in
1046 2175 1209 2216 Historia
1225 2174 1450 2228 Diplomati-

625 2245 668 2272 ca
684 2231 853 2268 Num-XI
864 2242 901 2264 v.
915 2238 1020 2279 pag.1
1031 2232 1136 2271 72.&
1150 2227 1253 2281 seqq.
1267 2229 1380 2268 Aliud
1394 2226 1451 2266 su-

626 2280 770 2337 periori
796 2295 889 2320 anno
922 2279 1068 2319 acceffit
1096 2280 1219 2320 cidem
1231 2280 1359 2322 Μιιίὲο
1373 2307 1387 2323 ,
1415 2284 1452 2319 ὃ(

624 2336 716 2378 olim
730 2333 950 2372 servabatur
979 2332 1170 2374 Florentia:
1187 2335 1281 2386 apud
1294 2334 1341 2373 cl·
1356 2333 1454 2371 Vita

629 2391 644 2433 J
648 2402 805 2430 oannem
817 2385 1014 2438 Baptistam
1027 2385 1453 2438 Donium,vulgavitque

628 2442 667 2483 in
682 2443 810 2494 Opere
825 2438 1000 2480 Doniano
1011 2438 1226 2480 clariffimus
1236 2440 1372 2481 amicus
1389 2453 1455 2478 no·

631 2497 702 2536 stet
728 2493 910 2535 Antonius
937 2491 1148 2534 franciscus
1176 2493 1320 2535 Gorius
1335 2488 1454 2532 Class‘e

632 2561 724 2589 χιχ.
741 2549 859 2587 Num.
872 2556 965 2586 x1v.
978 2555 1160 2598 pag-502..
1189 2551 1227 2586 &
1244 2557 1337 2595 503.
1367 2543 1456 2583 Pri-

632 2616 733 2643 mum
759 2599 909 2653 longum
935 2600 985 2640 est
1008 2599 1152 2642 Palmos
1164 2603 1352 2642 Romanos
1366 2610 1410 2638 xl
1423 2610 1460 2636 1.

635 2653 780 2696 Uncias
796 2666 842 2692 Vl
855 2666 868 2689 1
880 2679 889 2689 .
903 2651 1007 2692 flemis
1020 2679 1036 2697 ,
1062 2657 1098 2693 8<
1115 2654 1212 2693 ultra
1229 2679 1239 2689 .
1270 2653 1400 2693 Altum
1409 2653 1461 2692 est

635 2708 775 2746 Palm.1
785 2732 796 2743 .
810 2708 912 2747 Une.
927 2721 965 2743 v.
979 2705 1159 2759 pleniores
1173 2733 1184 2744 .
1212 2708 1328 2747 Aliud
1342 2705 1460 2759 longi-

637 2760 763 2803 tudine
779 2772 895 2811 aequat
913 2760 1056 2800 Palmos
1084 2764 1272 2802 Romanos
1292 2772 1335 2799 v1
1347 2786 1356 2795 .
1374 2762 1460 2799 Un-

640 2815 715 2856 eias
732 2824 775 2849 v1
789 2824 803 2848 1
815 2840 823 2849 .
841 2811 1051 2853 Altitudine
1081 2814 1173 2854 illud
1188 2826 1307 2867 aequat
1321 2840 1336 2857 ,
1363 2814 1465 2865 quod

598 2904 601 2907 ,
636 2866 743 2919 supra
761 2863 1005 2926 descriplimus
1023 2894 1032 2903 .
1046 2869 1262 2919 Utrumque
1288 2866 1466 2919 scnptum

632 2922 691 2961 12st
717 2918 822 2959 lineis
833 2919 1062 2973 longioribus
1076 2936 1087 2965 3
1105 2921 1157 2960 ita
1177 2933 1217 2960 ut
1233 2936 1304 2962 non
1319 2919 1386 2960 nifi
1399 2935 1463 2960 cx-

622 3013 627 3018 .
646 2973 782 3032 plicam
795 2987 879 3023 toto
903 2974 1098 3021 volumine
1126 2988 1352 3031 unaquaeque
1367 2973 1465 3028 linea

1498 1532 1573 1590 legi
1588 1533 1694 1588 poffit
1710 1548 1722 1581 ;
1741 1533 1842 1588 quod
1855 1559 1869 1577 2
1880 1543 1921 1573 ut
1944 1544 2073 1575 notum
2086 1533 2139 1573 est
2151 1533 2326 1577 eruditis,

1497 1590 1536 1630 in
1556 1589 1651 1630 hisce
1666 1586 1959 1642 praestantiffimis
1973 1587 2212 1629 Monimentis
2230 1615 2243 1632 ,
2257 1587 2328 1627 mi-

1500 1658 1565 1685 nus
1578 1641 1792 1694 frequenter
1813 1640 1997 1693 contingit
2016 1666 2025 1677 .
2055 1640 2155 1681 Huic
2170 1639 2331 1682 secundo

1502 1696 1690 1739 volumini
1709 1694 1879 1736 adsutum
1897 1695 1949 1732 est
1965 1694 2215 1748 fragmentum
2231 1693 2330 1735 aliud

1501 1763 1781 1806 papyraceum,
1808 1749 1922 1788 latum
1938 1747 2104 1789 ‘circiter
2131 1747 2273 1789 Uncias
2290 1761 2330 1785 v.

1502 1804 1630 1844 Altum
1658 1803 1798 1841 Palma
1810 1827 1819 1837 .
1849 1802 1891 1840 U
1894 1812 1975 1840 nc.1
1987 1826 1997 1837 .
2012 1800 2226 1853 editumque
2257 1799 2331 1840 fuit

1502 1856 1549 1893 ab
1565 1856 1695 1895 eodem
1710 1853 1839 1895 Gorio
1866 1868 1935 1891 una
1957 1867 2040 1893 cum
2056 1853 2208 1907 Papyro
2221 1865 2329 1892 vete·

1504 1908 1540 1947 ri
1550 1934 1565 1951 ,
1578 1906 1637 1947 cui
1652 1909 1883 1954 conjunc'kum
1905 1906 1955 1944 est
1972 1931 1981 1941 .

1557 1963 1620 2010 (ι)
1647 1961 1830 1998 Veterum
1844 1958 2162 2003 Monimentorurn
2173 1959 2285 2000 Parte
2301 1973 2329 1999 1·

1505 2016 1543 2053 8<
1558 2012 1671 2050 Parte
1687 2013 1738 2050 11.

1559 2066 1645 2106 Hoc
1656 2079 1745 2117 opus
1758 2078 1852 2105 anno
1879 2062 2059 2117 superiori
2071 2092 2086 2110 ‚
2116 2064 2235 2108 studio
2263 2064 2330 2104 ali-

1504 2122 1603 2168 cuius
1619 2117 1843 2171 Bipliopolae,
1855 2116 1996 2157 iterum
2008 2120 2159 2160 excudit
2175 2121 2329 2161 ‚Ioannes

1505 2172 1676 2225 Zempel3
1706 2187 1746 2210 ea
1763 2184 1849 2211 cura
1863 2197 1879 2215 ³
1909 2184 1950 2211 ut
1976 2187 2071 2213 nova
2086 2171 2208 2214 editio
2220 2172 2335 2212 nulla-

1506 2240 1608 2266 tenus
1621 2239 1640 2262 a
1654 2225 1772 2278 prima
1787 2225 2017 2276 impressione
2032 2225 2332 2279 distingueretur-3

1507 2281 1650 2319 imitata
1678 2277 1894 2330 paginarum
1927 2277 2046 2319 forma
2062 2306 2077 2323 ,
2107 2278 2336 2331 sei-vatisque

1510 2330 1671 2371 numetis
1688 2345 1699 2374 ;
1716 2331 1804 2381 quin
1819 2331 1929 2370 etiam
1943 2332 2138 2373 erroribus
2151 2333 2187 2372 in
2201 2334 2334 2373 eadem

1511 2382 1706 2425 vetustiori
1720 2383 1884 2424 editione
1914 2384 1996 2424 fufis
2014 2399 2024 2421 ε
2054 2387 2161 2427 Anno
2189 2399 2339 2436 quoque

1509 2436 1637 2531 1{reteri
1662 2433 1827 2489 express'o
1849 2462 1865 2480 ,
1893 2451 1936 2479 ac
1960 2439 2231 2492 Typographia
2262 2453 2337 2481 non

1525 2506 1569 2531 ua
1590 2518 1601 2528 .

1563 2546 1629 2597 (ς)
1644 2541 1719 2580 Adi
1734 2544 1861 2584 nostra:
1872 2544 2154 2585 Difl'ertationis
2168 2544 2337 2598 Glypto·

1514 2597 1698 2651 graphicae
1711 2595 1970 2640 Praefationem
1985 2598 2122 2651 Pagina
2136 2613 2193 2640 xx.
2208 2604 2245 2640 ὅ(
2263 2599 2334 2637 Pa-

1514 2665 1599 2703 gina
1618 2666 1655 2690 x.

1567 2706 1664 2744 Item
1680 2703 1931 2747 Corollarium
1943 2707 2019 2759 post
2033 2705 2338 2748 Praefationeum

1514 2756 1678 2810 Pagina
1689 2773 1726 2797 v.
1743 2764 1779 2798 &
1795 2758 1833 2797 in
1859 2760 1989 2800 Indice
2007 2759 2101 2801 illius
2112 2759 2245 2814 Operis
2259 2759 2340 2798 Ta·-

1518 2810 1639 2851 bulam
1651 2826 1897 2859 marmoream
1919 2812 2132 2867 instriptam
2146 2841 2160 2858 ,
2189 2827 2340 2865 quam-

1518 2866 1716 2906 adtulimus
1740 2881 1823 2920 pag.
1842 2879 1934 2916 124.
1950 2881 2064 2919 eaque
2089 2884 2108 2907 a
2133 2867 2238 2908 nobis
2262 2863 2339 2907 illic

1517 2919 1680 2973 expolita
1697 2921 1742 2960 de
1777 2922 2136 2974 Monogrammatum
2161 2920 2308 2975 origine
2321 2943 2341 2963 2

1519 2984 1629 3028 atque
1649 2973 1713 3028 usu
1726 3001 1740 3020 ο
