2535 3862
642 238 771 282 110
1038 214 1937 275 DrsSERTA’rIo

260 301 402 347 CAP·
433 308 540 352 XXX
633 309 938 402 spee'tatur
960 352 980 381 ,
1015 302 1167 367 nihil
1201 302 1458 366 omnino
1495 298 1828 364 dicendum
1867 297 1993 378 est,
2031 304 2196 392 quod
2225 329 2362 397 pars

631 424 894 497 gemmae
922 396 1199 488 superi0r
1217 418 1402 486 ‚pene
1428 412 1561 459 tota
1592 391 1865 485 suppleta
1890 392 1965 461 fit
1984 423 2005 473 ;
2025 400 2169 467 licet
2191 406 2366 470 Para-

633 499 909 571 zonium,
927 495 1207 568 ThoraX,
1232 489 1629 558 Subarmale:
1657 494 1852 557 immo
1877 489 1942 559 ὃς
1963 495 2327 561 Panniculus
2345 544 2366 574 ,

631 594 735 679 qui
779 589 852 653 de
893 586 1000 653 sub
1044 585 1216 653 scuto
1258 587 1567 663 ventilat,
1616 585 1816 652 baccis
1843 634 1864 665 ‚
1909 585 2036 653 five
2082 586 2368 655 flocculis

627 689 688 750 in
733 681 1229 750 extremitatibus
1283 700 1537 747 ornatus
1583 686 1746 762 (1),
1802 685 1862 747 in
1919 681 2160 749 vetusto
2211 680 2370 776 frag·

627 799 839 845 mento
882 796 1280 869 compareant
1317 806 1332 843 ε
1381 774 1771 871 vestigiisque
1813 779 1973 843 notis
2001 825 2020 855 ‚
2080 801 2236 868 opus
2278 797 2372 843 to-

627 895 766 941 tum
793 924 813 953 ‚
854 871 1095 940 fortasse
1138 875 1331 952 nihil,
1372 891 1479 939 aut
1524 896 1744 963 parum
1781 873 1856 938 ab
1901 871 2147 939 vetustae
2192 894 2372 966 gem-

628 994 744 1035 mae
773 989 945 1060 parte
978 968 1294 1059 deperdita
1326 967 1670 1059 discrepans
1693 1015 1712 1044 ‚
1748 965 2105 1035 absolutum
2140 966 2370 1034 fuerit.

628 1071 729 1130 De
772 1068 995 1129 Ocreis
1035 1084 1287 1142 tamen,
1327 1089 1457 1153 quae
1499 1068 1750 1154 integrae
1789 1060 2224 1151 perseverant,
2263 1063 2372 1128 ali-

630 1183 797 1247 quas·
837 1157 1391 1224 animadversiones
1446 1156 1764 1223 subtexere
1818 1156 1992 1221 lubet
2034 1205 2048 1220 .
2108 1161 2375 1222 Marcus

627 1256 961 1319 Terentius
1025 1259 1232 1320 Varro
1276 1302 1296 1330 ,
1364 1253 1555 1319 Libro
1609 1278 1709 1316 tv.
1767 1249 1843 1316 de
1909 1254 2148 1343 Lingua
2208 1254 2372 1318 Lati-

629 1373 705 1414 na
747 1358 896 1434 (2),
936 1351 1175 1414 Ocreas
1214 1367 1394 1439 putat
1432 1350 1516 1413 ita
1553 1365 1932 1436 nuncupatas
1970 1343 2178 1422 fuisse,
2207 1345 2371 1436 quod

627 1444 1099 1534 opponebantur
1142 1444 1221 1509 ob
1267 1469 1408 1509 crus
1449 1493 1463 1508 .
1526 1448 1745 1510 Sextus
1790 1461 1997 1507 autem
2045 1446 2369 1532 Pompejus

630 1537 838 1603 Festus
878 1543 981 1620 (3)
1027 1542 1148 1605 haec
1189 1542 1393 1629 inquit
1421 1589 1434 1602 .
1479 1539 1682 1603 Ocrem
1722 1542 1987 1627 antiqui,
2024 1558 2092 1600 ut
2132 1537 2369 1617 Attejzts

628 1633 982 1723 ‘Philologus
1021 1640 1081 1697 in
1129 1633 1308 1698 Libro
1355 1633 1816 1721 Glcffimatorum
1860 1632 2035 1720 reffert
2070 1679 2089 1708 ,
2132 1653 2369 1698 montem

628 1727 1007 1817 confragofitm
1049 1727 1339 1794 vocabant
1378 1776 1398 1804 ‚
1451 1748 1514 1790 ut
1562 1727 1715 1814 apud
1753 1724 1999 1792 Livium
2044 1752 2059 1789 ε
2125 1726 2239 1791 Sed
2273 1732 2370 1817 qui

613 1823 753 1913 sunt
799 1825 864 1887 ln·
883 1870 903 1899 ,
941 1826 1038 1912 qui
1082 1821 1372 1912 ascendunt
1410 1822 1588 1886 altum
1629 1823 1825 1886 Ocrim
1865 1838 1886 1887 ἓ
1934 1821 2014 1887 Et
2040 1869 2060 1897 ,
2101 1822 2371 1912 celsosque

631 1920 803 1983 Ocris
828 1965 849 1992 ,
897 1940 1156 2005 arvaque
1194 1921 1394 2003 patria
1435 1965 1455 1993 ,
1506 1919 1579 1980 Θ
1620 1940 1770 1981 mare
1812 1940 2066 2005 magnum
2106 1942 2126 1994 3
2184 1914 2371 1981 Nam·

627 2038 730 2102 que
776 2011 1005 2075 Taenari
1047 2012 1211 2100 celfhs
1253 2011 1428 2075 Ocris
1459 2058 1473 2073 .
1522 2010 1602 2077 Ec
1630 2059 1650 2085 ,
1698 2011 1857 2076 haud
1884 2031 1948 2074 ut
1992 2037 2148 2103 quem
2192 2011 2370 2078 Chiro

624 2114 685 2171 in
730 2107 889 2172 Pelio
925 2106 1112 2170 docuit
1153 2108 1296 2173 Ocri
1317 2132 1336 2185 3
1381 2104 1788 2196 undesortcffe
1821 2112 1995 2171 etiam
2027 2108 2221 2172 Ocreae
2240 2106 2370 2198 stnt

627 2202 788 2268 diHae
821 2203 1177 2291 inaequaliter
1215 2201 1486 2265 tuberatae
1511 2249 1525 2265 .
1568 2195 1821 2268 Paullus
1863 2225 2014 2269 vero
2050 2207 2368 2268 Diaconus

629 2320 743 2387 pro
784 2293 1023 2360 adserto
1062 2294 1311 2383 prodit:
1354 2295 1556 2358 Ocrem
1595 2318 1832 2359 montem
1876 2296 2249 2386 confragofiaem
2284 2299 2371 2362 di-

629 2391 823 2454 cebant
861 2393 1085 2477 antiqui
1122 2414 1140 2450 .·
1199 2390 1360 2452 heinc
1403 2389 1595 2452 Ocreae
1634 2390 1794 2454 diffie
1831 2395 2182 2480 inaequaliter
2219 2392 2370 2455 tube-

627 2487 804 2550 rataess
845 2480 1272 2550 Artificiosam
1317 2484 1470 2548 hanc
1496 2486 1847 2550 Ocrearum
1891 2487 2366 2572 inaequalitatem

628 2580 870 2669 liquido
911 2575 1308 2644 observamus
1347 2580 1407 2641 in
1454 2580 1687 2645 Gemma
1750 2579 2079 2644 Vifz'omna
2120 2630 2133 2644 .
2187 2586 2367 2647 Cete-

629 2700 772 2740 rum
813 2699 947 2738 mos
992 2669 1304 2738 deferendi
1351 2675 1585 2738 Ocreas
1621 2723 1641 2751 ,
1688 2700 1810 2741 non
1859 2674 2022 2739 idem
2061 2674 2364 2742 militibus

629 2768 788 2848 fuit3
830 2770 1056 2835 etenim
1090 2767 1422 2858 aliquando
1454 2765 1758 2837 finistrum
1785 2768 2185 2837 solummodo
2222 2795 2360 2836 crus

2131 2863 2362 2922 instrue-

684 2944 746 2987 (ι)
778 2940 875 2980 Vide
891 2955 973 2994 quae
993 2941 1158 2986 diximus
1188 2941 1225 2982 in
1242 2942 1313 2982 hac
1329 2940 1470 2984 Differ-

1580 2946 1646 2990 (2)
1674 2944 1814 2997 Capite
1835 2957 1955 2983 xxxv.

633 2996 778 3042 tatione
797 2997 897 3047 Cap.
918 3010 985 3036 xv.
1577 3004 1641 3049 (ς)
1673 3000 1711 3036 D

1717 3012 1735 3036 e
1763 3001 1962 3040 Verborum
1978 2995 2259 3050 fignificatione
2277 3020 2288 3031 -
