2535 3862
190 2209 312 2249 cAP.
356 2205 462 2248 vm

162 2263 224 2302 De
242 2261 441 2302 Inauribus
469 2264 517 2302 ab

140 2317 234 2356 Aulo
252 2317 382 2356 Geffiae
413 2317 518 2356 Scul—

140 2383 248 2421 prote
280 2369 419 2413 Veneti
450 2371 520 2412 txi·

148 2425 277 2464 blak·

536 237 619 277 20
935 217 1821 277 DlssERTATIO

515 308 803 397 sapienter
842 304 1126 369 institutis
1157 349 1179 379 ,
1235 327 1343 392 qno
1393 303 1663 389 discerent
1707 303 1776 368 ab
1814 305 1905 369 his
1946 304 2102 371 rebus
2145 329 2250 370 non

529 403 864 475 abhorrere,
899 422 1069 488 neque
1096 417 1201 485 pro
1228 399 1476 484 piaculis
1512 421 1602 460 eas
1639 397 1830 461 ducere
1854 446 1870 462 .
1907 398 2031 463 Aut
2065 404 2256 489 potius

528 521 589 558 eo
628 493 984 560 monebantur
1025 493 1280 557 caducum
1328 491 1430 580 ff
1453 539 1474 569 ,
1517 491 1668 581 quod
1704 493 1830 582 effet
1871 514 2057 557 natum
2088 521 2108 573 3
2152 518 2261 559 una

531 588 819 678 eademque
856 587 985 651 Dea
1008 635 1028 665 ,
1071 589 1145 652 &⁵
1191 586 1404 651 ortibus
1433 633 1453 662 ,
1496 587 1568 649 (Τ
1609 586 1936 651 interitibus
1966 587 2261 677 praestden-

530 706 588 748 te
624 709 643 762 3
702 681 861 748 Nam
900 681 1149 770 Delphis
1194 707 1407 773 qnoque
1468 680 1650 744 Venus
1672 681 2013 770 sepulcralis
2072 681 2268 769 (Epi-

530 777 806 860 tymbiam
844 776 957 867 ipst
986 777 1222 858 dicunt)
1263 824 1286 854 ,
1338 774 1429 839 ef}
1463 778 1816 866 imaguncula
1862 823 1884 854 ,
1936 777 2015 841 ad
2055 798 2267 865 quam..

535 894 778 940 evocant
838 897 1019 936 eorum
1079 894 1263 937 manes
1305 919 1328 948 ,
1388 870 1584 963 quibus
1637 869 1821 936 libant
1867 871 1990 934 &a
2057 872 2271 961 Igitur

533 969 706 1032 nulla
757 989 1053 1054 umquam
1102 964 1407 1058 adsignari
1470 963 1669 1054 potest
1726 961 1923 1030 cauffa
1987 961 2277 1053 praestan-

535 1064 660 1126 tior
699 1107 719 1136 ,
783 1060 911 1124 five
956 1063 1164 1149 potior
1209 1063 1368 1124 ratio
1412 1106 1433 1136 ,
1506 1082 1615 1123 cur
1660 1061 1924 1125 Veneris
1967 1059 2274 1150 imagines

536 1155 811 1219 maxime
856 1155 922 1218 in
959 1156 1247 1220 Gemmis
1291 1153 1542 1244 sculptae
1588 1150 1850 1243 persaepe
1887 1170 2277 1229 occurrunt,

538 1247 741 1341 figura
779 1250 1151 1339 plerumque
1193 1251 1404 1325 varia3
1453 1270 1674 1337 nempe
1711 1244 1878 1336 quod
1919 1244 2279 1312 diversimo-

541 1343 619 1408 de
645 1390 665 1420 ‚
704 1368 773 1406 ac
819 1367 934 1432 pro
972 1341 1152 1407 libito
1187 1345 1360 1408 illam
1398 1344 1676 1406 colerent
1701 1390 1714 1406 .
1761 1338 1881 1407 Sed
1924 1343 2280 1430 opinionem

545 1439 710 1502 circa
754 1440 1097 1504 Gemmam
1137 1436 1405 1503 nostram
1440 1484 1461 1514 ‚
1506 1433 1647 1501 satis
1690 1432 1765 1500 fit
1812 1435 2281 1524 quodammodo

546 1529 833 1597 indicaffe
857 1579 878 1609 ,
916 1534 1153 1621 reliqua
1186 1556 1349 1598 nunc
1389 1534 1693 1621 explicare
1729 1553 1851 1595 non
1886 1527 1971 1595 est
2007 1533 2282 1611 animus3

550 1623 725 1710 Quid
764 1629 926 1691 enim
971 1630 1254 1693 Gemmae
1295 1674 1316 1704 ,
1361 1650 1492 1715 quae
1523 1632 1701 1708 jocos
1747 1673 1768 1702 ,
1824 1649 1892 1689 ac
1932 1623 2282 1692 ludorum

551 1718 778 1808 species
821 1717 1297 1811 qualescumque
1335 1717 1668 1810 praeferunt
1704 1767 1725 1796 ,
1792 1717 1953 1809 apud
1996 1722 2284 1808 antiquos

554 1815 839 1879 Gentiles
868 1863 889 1891 ,
925 1835 1182 1906 apertO,
1224 1817 1327 1881 vel
1363 1837 1585 1879 arcano
1623 1861 1642 1891 ,
1691 1811 2042 1903 secretoque
2089 1814 2285 1881 modo

552 1907 939 1987 indicarent,
979 1913 1193 1998 paullo
1238 1907 1372 1998 post
1415 1906 1708 2002 singulari
1753 1910 1975 1999 Capite
2022 1916 2126 1991 (1)
2163 1929 2281 1977 τῖε.-

559 2001 779 2068 &anda
821 2029 855 2067 a
898 2003 1073 2068 nobis
1110 2000 1288 2069 sunt.

761 2291 941 2354 Num
974 2291 1237 2354 Veneris
1277 2291 1338 2354 in
1377 2293 1646 2355 Gemma
1681 2286 1932 2379 sculptae
1965 2308 2286 2355 ornamen-

796 2399 932 2447 tum
972 2427 994 2458 ,
1065 2387 1320 2449 Inaures
1373 2381 1819 2448 confiderandae
1888 2402 2223 2450 occurrunt
2262 2431 2286 2462 ,

563 2502 710 2566 quas
733 2481 912 2567 plane
949 2478 1235 2543 mulieres
1273 2498 1505 2571 magno
1533 2481 1749 2570 capitis
1789 2476 1999 2542 decori
2036 2477 2289 2568 deputa-

566 2572 761 2650 bant,
804 2570 869 2640 ὅζ
905 2594 1002 2636 eas
1042 2596 1114 2637 ex
1162 2597 1311 2638 auro
1335 2621 1356 2650 ,
1394 2571 1603 2639 nostro
1644 2574 1831 2637 etiam
1870 2595 2000 2637 aevo
2025 2620 2046 2650 ‚
2086 2573 2286 2661 quoti-

567 2668 669 2732 die
714 2664 941 2759 gestare
983 2665 1223 2745 solent,
1265 2668 1513 2734 autibus
1554 2666 1764 2733 infixas
1789 2717 1803 2732 .
1854 2672 2108 2733 Aurum
2148 2663 2289 2730 sane

569 2765 635 2826 in
674 2783 819 2828 aure
859 2781 1071 2855 gerere
1097 2810 1118 2840 ,
1158 2765 1312 2830 olim
1349 2762 1579 2855 infigne
1614 2763 1952 2852 nobilitatis
1988 2758 2288 2827 existima-

2050 2854 2229 2920 batur
2256 2899 2278 2929 ³

622 2989 683 3037 ft)
715 2988 868 3040 Nempe
889 2985 1029 3040 Capite
1047 2996 1193 3030 xv111.
1224 2985 1333 3035 hujus
1352 2983 1638 3030 Diffezzaztonzs
1654 3013 1665 3023 ,
