2535 3862
557 213 1424 276 GLYFTOGRAPHICA.
1759 233 1845 290 93

130 323 223 369 ter
249 303 668 369 Guillelmum
696 304 1094 372 Cardinalem
1119 307 1410 370 Sirletunn
1451 308 1512 370 S.
1543 308 1624 369 R.
1654 308 1726 369 E.
1757 304 1853 368 Bi-

130 397 601 463 bliothecarium
631 447 651 475 ‚
686 419 979 490 agnatum
1030 397 1206 464 suurn
1235 447 1255 475 ,
1304 423 1421 463 non
1469 396 1676 462 infini‘a
1721 399 1852 462 laus

125 489 208 555 est
235 539 255 567 ,
307 496 640 557 Gemmam
695 518 838 558 curn
882 498 1230 557 Laocoonte
1279 490 1637 582 insculpfiffe
1675 541 1694 568 ,
1737 516 1853 556 una

128 609 266 650 cum
307 583 487 663 filiis,
528 612 596 651 ac
633 589 805 650 vario
847 584 1198 675 serpentum
1232 610 1429 662 nexu,
1456 610 1637 674 quani
1665 591 1856 652 Gem-

121 702 294 744 mam
322 727 342 756 ,
383 703 601 769 nempe
643 679 1151 766 Amethystinam
1177 725 1196 754 ,
1250 676 1484 743 Miloni
1524 679 1700 744 Duclc
1737 681 1857 746 de„

124 770 433 862 ‘Beauftrd
464 770 670 836 secum
716 774 779 837 in
824 775 1123 932 Anfiliam
1159 770 1594 861 deportaverat
1635 821 1655 849 ,
1700 773 1852 838 duo-

123 868 235 932 bus
275 868 440 930 annis
481 885 619 930 ante
654 868 857 931 Flavii
892 892 932 932 o
977 867 1136 931 itum
1161 915 1175 930 .
1217 872 1367 932 Earn
1411 869 1680 932 Sirletus
1720 889 1860 930 con-

127 959 446 1026 sultiffime
493 957 653 1024 hisce
699 961 858 1025 notis
903 958 1172 1054 signavit
1218 975 1257 1020 Φ
1286 1010 1301 1025 .
1344 976 1381 1016 Σ
1409 1010 1423 1025 .
1470 964 1588 1025 hoc
1630 958 1711 1024 est
1754 984 1857 1024 no-

128 1057 291 1119 mine
331 1054 480 1130 su0,
516 1052 579 1124 ὅς
616 1058 1037 1146 cognomine,
1071 1058 1286 1147 primis
1317 1075 1558 1122 tanturn
1597 1058 1858 1120 elemen-

123 1152 201 1214 tis
249 1150 521 1214 indicato
566 1198 580 1212 .
637 1153 975 1217 Delineatis
1014 1175 1166 1216 vero
1217 1153 1614 1238 antiquorum
1671 1147 1856 1240 signis

127 1243 543 1309 celeberrimis
603 1291 625 1321 ,
709 1245 1001 1311 videlicet
1075 1247 1354 1313 Hercule
1417 1240 1778 1311 Farnefiano
1832 1271 1846 1308 :

127 1340 423 1427 Apolline
462 1387 482 1415 ,
545 1341 650 1427 qui
700 1339 959 1407 AEdibus
1000 1342 1322 1406 Vaticanis
1367 1357 1857 1405 ornamentum

129 1431 400 1522 praebet,
433 1436 577 1497 loco
617 1436 719 1520 qui
758 1434 986 1500 dicitur
1022 1434 1340 1501 Belvedere
1375 1460 1388 1497 ε
1435 1435 1758 1500 Mercurio
1795 1436 1858 1497 in

127 1525 801 1618 AEdibusJustinianaeis
824 1575 842 1604 ,
869 1532 970 1616 qui
1007 1525 1225 1594 insidet
1262 1526 1439 1593 stanti
1475 1531 1692 1603 arieti,
1718 1525 1860 1591 dex-

128 1642 341 1709 traque
383 1622 664 1687 innititur
711 1623 896 1712 capiti
933 1624 1144 1700 illius3
1186 1619 1418 1687 finistra
1456 1644 1608 1685 vero
1646 1618 1860 1686 Cadu-

126 1740 306 1781 ceum
348 1734 512 1782 tenet
538 1762 560 1793 ‚
604 1719 870 1806 gemmis
910 1739 1121 1780 omnes
1164 1716 1406 1781 caelavit
1439 1763 1453 1778 .
1494 1714 1858 1781 Caduceum

127 1829 341 1876 autem
382 1814 704 1877 Mercurio
753 1809 876 1901 ipse
925 1808 1165 1876 addidit
1211 1813 1559 1877 ornamenti
1610 1812 1810 1902 gratia
1841 1859 1855 1873 .

131 1909 393 1997 Signum
422 1929 666 1994 quoque
693 1903 1180 1970 laudatiffimum
1202 1908 1407 1970 Marci
1434 1908 1678 1971 Aurelii
1717 1900 1860 1968 Bas-

130 1997 273 2065 fiani
302 2002 656 2076 Antonini,
698 2002 827 2077 (cui
855 1997 1154 2062 Caracalla
1192 2000 1525 2089 vulgatum
1573 2006 1858 2075 nomen),

129 2092 297 2183 quod
332 2091 675 2158 custoditur
724 2095 785 2155 in
822 2090 1080 2159 AEdibus
1118 2088 1546 2157 Farnefiorum
1579 2136 1599 2166 ‚
1636 2093 1857 2155 eximie

130 2186 352 2253 incidit
374 2235 387 2250 .
410 2183 760 2276 Requifitus
793 2186 864 2251 ab
887 2183 1241 2278 Augustino
1258 2183 1604 2261 MasucciO,
1633 2185 1858 2269 celebri

132 2286 193 2346 in
230 2281 409 2353 Urbe
454 2281 738 2357 Pictore,
779 2282 997 2347 Caroli
1030 2283 1319 2344 Marattae
1358 2279 1620 2345 Pictoris
1659 2274 1861 2343 claris-

135 2375 273 2443 fimi
313 2372 584 2467 effigiem
614 2423 635 2452 ,
680 2377 917 2442 anulari
963 2395 1212 2468 gemma
1257 2375 1508 2440 caelavit
1545 2422 1559 2436 .
1617 2376 1860 2438 Multas

136 2473 280 2537 alias
327 2475 626 2536 Gemmas
668 2472 982 2561 eleganter
1021 2465 1274 2559 sculpfit
1309 2516 1329 2546 ,
1382 2470 1445 2533 in
1482 2467 1701 2557 quibus
1739 2492 1864 2538 rne-

136 2564 437 2632 moranda
471 2562 552 2630 est
589 2567 898 2633 Carneola
943 2565 1212 2631 anularis
1253 2612 1274 2641 ,
1330 2565 1555 2629 coloris
1595 2565 1864 2653 pulchri-

137 2660 350 2726 tudine
401 2657 681 2748 praestans
712 2707 733 2737 ‚
783 2657 858 2725 ab
903 2658 1124 2725 eodem
1183 2655 1314 2749 ipso
1360 2661 1566 2725 caelata
1598 2704 1621 2734 ‚
1672 2663 1860 2723 Anno

137 2751 458 2844 designato
484 2800 504 2829 ,
538 2756 727 2819 aetatis
769 2752 884 2821 suae
922 2752 1234 2845 postremo
1266 2779 1285 2832 ;
1344 2754 1405 2817 in
1445 2776 1631 2842 eaque
1674 2770 1863 2841 caput

141 2847 392 2916 ridentis
435 2850 628 2914 Fauni
665 2846 912 2937 oblique
949 2843 1288 2939 expreffum
1329 2844 1414 2911 est
1451 2895 1473 2925 ‚
1530 2846 1860 2913 hederacea

1686 2960 1862 3005 coron

1945 304 2067 346 CAR
2096 306 2226 347 XXVI
