2535 3862
255 352 1059 482 VETERIS
1135 242 1872 471 GEMMZE

459 561 601 629 AD
641 557 1327 630 CHRISTIANUM
1383 553 1666 625 USUM

738 713 786 765 E
815 716 865 768 X
890 713 923 767 S
944 717 994 769 C
1019 714 1069 768 A
1096 713 1142 767 L
1169 716 1211 769 P
1233 711 1369 769 TAE

429 863 853 934 BREVIS
948 858 1720 937 EXPLANATIO

972 1174 985 1221 ἐξ
1058 1181 1253 1247 quam
1297 1182 1329 1221 a
1366 1178 1528 1221 vero
1572 1150 1879 1216 aberrent

971 1270 975 1312 ἑ
1055 1257 1144 1328 ii,
1189 1256 1302 1338 qui
1339 1268 1638 1313 veterum
1678 1244 1883 1310 Chri-

1063 1347 1414 1411 stianorum
1480 1339 1719 1428 lipsana
1782 1342 1897 1400 in·

1058 1438 1326 1504 traRata
1404 1430 1889 1522 relinquenda-2

1052 1530 1310 1596 censent
1344 1552 1381 1608 ,’
1410 1546 1636 1620 utpote
1682 1523 1886 1588 inele-

1058 1632 1276 1714 gantia
1303 1671 1324 1701 ,
1366 1645 1639 1714 quaeque
1665 1617 1708 1682 fi
1731 1641 1884 1684 cum

465 1791 471 1794 .
844 1745 860 1753 “’
1049 1720 1477 1793 Graecorum,
1548 1716 1887 1782 Romano-

255 1831 532 1906 rumque
555 1816 888 1884 veteribus
914 1815 1356 1879 monumentis
1385 1826 1875 1898 comparentur,

254 1909 331 1971 ad
371 1914 848 1986 eruditionem,
899 1927 968 1972 ut
1018 1906 1134 1999 ipfi
1184 1903 1603 1979 existimant,
1653 1924 1886 1990 parum

256 2006 621 2070 conducant
649 2053 663 2068 .
709 2000 1256 2070 Animadvertere
1285 2004 1462 2063 enim
1487 2020 1590 2061 eos
1620 2012 1881 2084 oporte-

254 2092 406 2173 bat,
453 2099 635 2162 hasce
674 2097 860 2162 sacrae
885 2095 1214 2161 vetustatis
1242 2092 1546 2180 reliquias
1595 2086 1878 2178 profanis

257 2191 373 2254 effe
399 2190 822 2280 praeferendas
849 2237 870 2267 ,
912 2213 1064 2254 cum
1106 2186 1238 2252 illae
1287 2192 1606 2268 majorum
1646 2180 1889 2246 nostro-

257 2305 406 2347 rum
451 2285 836 2375 religionem
899 2286 966 2350 &
1012 2305 1225 2348 mores
1277 2278 1635 2346 exhibeant
1681 2324 1702 2352 ‚
1766 2299 1886 2340 nee

258 2379 711 2444 tantummodo
750 2383 1039 2442 animum
1064 2375 1353 2441 nostrum
1394 2374 1688 2439 erudiant
1712 2416 1733 2447 ,
1773 2395 1887 2435 ve-

260 2497 406 2537 rum
467 2475 543 2539 ad
590 2478 913 2537 virtutem
957 2469 1384 2537 excolendam
1434 2515 1456 2544 ,
1522 2489 1885 2553 eorumque

259 2570 571 2656 pietatem
609 2567 995 2631 imitandam
1036 2563 1497 2639 exstimulent,
1548 2582 1739 2650 atque
1786 2582 1885 2622 ac-

263 2661 535 2725 cendant
560 2710 573 2724 .
607 2661 1062 2750 Qamobrem
1088 2657 1469 2725 Christianae
1496 2657 1885 2742 Antiquita-

260 2758 345 2818 tis
393 2753 669 2820 studiofis
717 2755 1079 2821 cultoribus
1109 2801 1129 2830 ,
1170 2777 1300 2817 non
1347 2751 1624 2826 inutile,
1677 2769 1884 2835 neque

263 2849 692 2932 injucundum
746 2847 965 2921 visum
1011 2846 1094 2914 est
1154 2846 1397 2912 sacram
1465 2844 1634 2913 hanc
1677 2841 1885 2908 Gem-

1100 2941 1172 3008 A
1223 2965 1257 3025 3
1710 2958 1884 3002 mam
