2535 3862
753 205 824 248 vx

755 283 1133 352 blematibus
1169 328 1193 359 ,
1253 301 1383 368 quae
1430 275 1852 345 Christianum
1890 276 2206 342 hominem
2258 277 2442 346 valde
2486 299 2488 305 ·

754 379 1042 445 adficiant
1081 424 1103 454 ,
1153 390 1335 462 atque
1379 370 1735 439 deletitent:
1787 393 1972 460 eaque
2034 372 2259 461 pariter
2314 358 2490 440 illu-²

759 472 1066 546 strantur-,
1115 466 1182 535 ὅ(
1229 467 1657 557 explicantur.
1709 471 1961 534 Graecas
2003 466 2452 554 Scriptorum

757 563 1080 631 sententias
1135 564 1198 625 in
1239 563 1532 627 Latinum
1591 563 1780 627 etiam
1833 561 2156 626 translatas
2212 558 2451 627 adferre

758 657 995 725 studuit
1028 703 1049 734 ,
1107 656 1210 722 vel
1255 657 1416 725 notis
1459 657 1990 722 Graeco-Latinas
2028 655 2396 721 intertexere
2423 692 2467 733 ,ῳ

759 776 881 819 una
920 775 1066 816 cum
1103 751 1254 815 locis
1293 749 1580 815 omnibus
1622 748 1703 815 ad
1743 751 2090 841 marginem
2129 747 2453 828 indicatis;
2506 790 2509 793 ·

758 844 1195 912 commoditati
1232 843 1620 910 eruditorum
1661 847 1722 908 in
1759 846 1868 909 illo
1915 845 2066 906 item
2117 847 2317 909 oneris
2370 847 2457 909 le-

754 939 944 1005 vandi
991 960 1210 1031 genere
1259 935 1396 1004 satis
1439 936 1711 1004 faleratus
1752 989 1772 1019 ,
1830 962 1905 1002 ex
1961 939 2203 1003 monito
2246 940 2455 1004 Marci

757 1033 932 1098 Fabii
972 1034 1508 1121 Qintiliani(1).
1551 1032 2096 1100 Commentarium
2131 1054 2284 1097 vero
2323 1055 2452 1096 non

757 1129 842 1191 ita
885 1126 1146 1215 quaefitis
1191 1125 1395 1193 verbis
1439 1130 1871 1192 concinnatum
1923 1122 2004 1188 est
2034 1170 2057 1199 ,
2114 1127 2292 1212 quale
2330 1121 2458 1189 for·-

753 1216 899 1285 taffe
940 1221 1212 1286 volueris
1269 1243 1382 1311 pro
1429 1239 1539 1287 tuo
1599 1223 1662 1284 in
1716 1221 1910 1284 literis
1952 1216 2455 1297 oblestamentO,

755 1332 1009 1376 omnem
1048 1315 1409 1378 Tullianam
1467 1311 1748 1377 redolens
1797 1311 2213 1403 elegantiam:
2272 1315 2337 1378 in
2376 1334 2454 1378 eo

758 1406 926 1466 enirn
959 1402 1407 1469 conscribendo
1437 1408 1649 1495 magni
1682 1402 1938 1470 Caesaris
1962 1403 2311 1470 Cardinalis
2340 1410 2455 1472 Ba-

755 1497 919 1560 ronii
954 1495 1210 1562 consilio
1249 1493 1500 1562 adhaefit
1537 1496 1822 1562 Auffiior:
1866 1499 2015 1586 qui,
2048 1499 2453 1586 quemadmo-

755 1588 911 1654 dum
958 1614 1050 1656 res
1105 1589 1554 1681 philosophicas
1586 1636 1608 1666 ,
1667 1608 1740 1656 ut
1786 1592 1988 1679 inquit
2028 1593 2256 1658 Cicero
2299 1591 2452 1684 (2),

752 1684 937 1747 dicere
989 1705 1179 1753 ornate
1235 1686 1397 1752 ‘velle
1429 1733 1453 1764 ,
1518 1686 1740 1772 puerile
1788 1683 1918 1750 efz':
1987 1687 2073 1750 ita
2120 1685 2453 1777 aliquando

753 1779 841 1841 ait
878 1783 980 1861 (3)
1009 1806 1024 1843 ε
1062 1780 1183 1871 Ego
1223 1781 1442 1871 quidem
1481 1781 1798 1871 eloquentiae
1820 1827 1841 1856 ,
1873 1780 1948 1843 ἶν’
1984 1779 2196 1846 Latine
2227 1784 2453 1871 loquen-

750 1871 812 1934 di
853 1870 1098 1940 §ludium
1147 1899 1251 1938 non
1297 1875 1629 1964 reprehendo
1667 1921 1688 1952 ‚
1732 1880 1818 1941 ita
1862 1895 2049 1940 tamen
2087 1922 2112 1954 ‚
2168 1896 2234 1941 ut
2277 1874 2451 1944 Reli-

740 1968 903 2054 gioni
925 1969 1165 2058 ftrviat
1191 2013 1214 2045 ‚
1254 1995 1359 2036 non
1397 1974 1632 2057 imperet
1656 2014 1674 2034 .

802 2823 868 2872 (ἰ)
900 2820 988 2863 Lib„
1004 2831 1043 2863 x.
1077 2822 1237 2876 Cap-v.
1273 2822 1418 2862 Vertere
1435 2820 1564 2864 σασα
1671 2823 1735 2874 (2.)
1762 2794 1953 2864 leenI.
1970 2823 2017 2864 de
2032 2821 2214 2865 Finibus.
2319 2812 2321 2814 ’
2343 2716 2410 2827 N

750 2873 791 2915 in
822 2875 1006 2916 Latinum
1044 2878 1192 2916 Veteres
1236 2875 1355 2920 nassei
1388 2880 1563 2920 Oratores
1667 2882 1731 2927 (3)
1762 2881 1806 2917 In
1828 2879 1948 2917 Notis
1981 2879 2029 2918 ad
2052 2878 2307 2930 Mattytolog·
2338 2879 2428 2928 Rp-

751 2930 930 2980 optimum
942 2929 1169 2981 ⁴quoiicabam
1183 2957 1197 2973 .
1609 2943 1714 2973 man.
1732 2930 1779 2971 ad
1799 2931 1902 2973 dlem
1918 2930 2054 2986 ngdus
2071 2932 2293 2975 Novembt.
2307 2930 2387 2976 Lit.
2404 2932 2430 2974 b
