2535 3862
541 140 1408 204 GLYPTOGRAPHICA‚
1742 140 1826 223 75

119 236 440 301 flammant
463 277 485 308 ,
525 228 757 320 aliquid
795 253 1095 323 magnum
1127 280 1147 311 ,
1193 233 1398 298 nobile
1435 281 1454 310 ,
1502 250 1684 324 atque
1730 235 1840 299 ho-

117 329 346 396 nestum
387 350 505 416 prae
546 324 605 390 se
645 323 802 391 ferre
833 327 1180 414 judicamus
1209 377 1223 392 .
1256 332 1465 420 Igitur
1488 377 1509 406 ‚
1551 348 1620 394 ut
1657 348 1725 395 ut
1750 330 1841 397 in·-

114 427 321 489 notuit
351 426 411 485 in
437 420 696 510 Mufi’um
740 420 1055 486 Viilorium
1090 423 1243 486 hanc
1278 421 1467 512 ipsam
1497 427 1839 490 Gemmam

114 513 447 609 pervenisse
472 523 663 582 Anno
703 538 1078 582 Moccxxxv.
1118 519 1363 604 Qinto
1395 517 1585 583 Eidus
1614 521 1793 609 Junii
1816 566 1839 596 ,

112 636 296 701 quam
331 613 514 676 multi
552 609 720 675 fuere
741 656 763 686 ,
800 613 903 699 qui
936 608 1133 674 studio
1168 633 1377 675 rerum
1416 615 1835 701 antiquarum,

113 708 178 775 ὅ(
225 706 590 770 eruditionis
639 726 888 792 quoque
941 701 1139 769 caussa
1186 704 1413 793 ectypa
1460 729 1534 770 ex
1586 703 1836 796 sulphu-

113 825 177 867 re
204 849 224 877 ,
270 824 408 864 cera
433 846 453 875 ‚
485 809 724 886 (quam
761 798 837 863 ab
877 803 1005 881 ejus
1047 798 1291 887 origine
1317 844 1338 874 ‚
1381 794 1840 888 Hispanicam„

110 917 464 983 nuncupare
490 891 837 981 solemus),
872 890 1200 984 gypsoque
1241 889 1572 983 poscebant
1600 912 1704 958 :at
1740 917 1841 960 ve—

111 1014 182 1055 ro
220 990 396 1077 pauci
434 987 756 1053 obtinuere
790 1035 810 1063 ,
866 1006 1073 1053 tenera
1098 1035 1119 1065 ,
1162 990 1467 1076 mollique
1514 1012 1654 1053 cera
1691 1035 1711 1064 ,
1769 1013 1839 1053 ac

109 1086 334 1173 pollice
377 1077 586 1172 saepius
630 1081 895 1148 tractata
937 1130 959 1160 ,
1023 1085 1360 1175 imaginem
1409 1083 1837 1174 anaglypham

106 1173 454 1268 impressam
487 1226 502 1241 .
561 1177 683 1243 Sed
726 1181 891 1242 enim
941 1180 1227 1243 nonnulli
1279 1177 1505 1268 e&ypa
1550 1176 1839 1242 aliunde,

104 1276 517 1362 impetrarunt
569 1273 759 1338 etiam
815 1296 889 1336 ex
943 1269 1234 1364 sulphure
1273 1318 1294 1349 ‚
1352 1272 1417 1339 ὅ(
1465 1271 1720 1361 quidem
1761 1271 1835 1337 ab

105 1369 395 1459 originali
442 1366 630 1431 duCta
672 1414 694 1443 ,
756 1363 960 1431 statim
1024 1394 1093 1432 ac
1145 1391 1178 1433 e
1234 1387 1395 1431 terra
1447 1364 1779 1432 emerserat
1817 1414 1838 1445 ,

104 1485 324 1550 nempe
362 1459 437 1525 ab
478 1463 549 1532 iis
587 1508 606 1534 ,
661 1464 766 1549 qui
805 1463 994 1550 primi
1037 1510 1057 1539 ,
1113 1463 1554 1552 negociationis
1597 1460 1790 1526 cauffa
1818 1509 1838 1537 ,

107 1560 445 1622 Gemmam
486 1552 590 1620 fibi
627 1577 989 1644 comparare
1029 1558 1234 1620 conati
1277 1552 1418 1618 sunt
1456 1602 1476 1630 ,
1532 1580 1566 1618 a
1621 1555 1839 1642 quibus

102 1653 305 1715 multa
342 1668 664 1714 numerata
704 1653 965 1738 pecunia
1001 1696 1022 1725 ‚
1062 1649 1316 1714 tandem
1359 1648 1634 1714 redemta
1668 1645 1791 1713 fuit
1823 1697 1837 1710 .

108 1748 332 1818 Unum
372 1768 443 1808 ex
481 1745 570 1808 his
604 1743 679 1807 ad
722 1767 940 1808 manus
978 1745 1245 1835 Philippi
1284 1740 1551 1810 Stoschii
1575 1790 1596 1821 ,
1633 1739 1841 1808 forte„

103 1841 486 1906 Florentiam
522 1858 928 1930 pervenerat,
970 1842 1074 1927 qui
1109 1863 1263 1930 opus
1304 1841 1630 1931 egregium
1664 1857 1841 1910 vetu-

104 1934 174 2000 sti
213 1931 494 1998 Artificis
536 1934 877 1998 admiratus
913 1981 934 2009 ,
976 1939 1250 2000 Romam
1285 1935 1365 1999 ad
1407 1937 1686 1999 amicum
1727 1931 1839 1998 fibi

104 2031 315 2095 virum
355 2031 685 2116 parvulam
726 2028 974 2091 thecam
1015 2029 1228 2115 paullo
1267 2024 1399 2114 post
1438 2050 1546 2114 per
1586 2027 1840 2091 tabella-

106 2126 274 2190 rium
314 2119 485 2186 mifit
510 2169 528 2197 ,
569 2146 639 2186 ac
678 2120 804 2185 duo
848 2121 1074 2209 ectypa
1115 2145 1187 2187 ex
1235 2116 1572 2209 sulphure,
1612 2141 1838 2206 cynna-

106 2220 238 2284 bari
277 2212 597 2306 consperso
641 2218 701 2279 in
740 2237 810 2279 ea
857 2212 1130 2304 reposuit
1170 2212 1312 2300 (1),
1354 2239 1488 2303 quae
1523 2239 1596 2278 ex
1639 2213 1839 2302 dupli-

107 2317 165 2378 ci
212 2314 379 2376 vitro
423 2312 678 2401 antiquo
723 2307 976 2376 diversae
1008 2306 1452 2400 magnitudinis
1493 2354 1514 2384 ‚
1572 2327 1836 2395 utroque

109 2431 292 2499 penes
337 2402 533 2495 ipsum
569 2401 837 2471 exstante
861 2454 880 2483 ,
921 2402 1161 2494 (pastas
1204 2403 1486 2492 antiquas
1528 2402 1835 2482 dicunt),

109 2504 252 2568 data
290 2524 327 2564 o
373 2524 473 2564 era
520 2499 820 2566 eduxerat
859 2549 874 2565 .
932 2504 1008 2564 In
1051 2501 1123 2566 iis
1169 2498 1338 2565 idem
1390 2517 1832 2589 argumentum

109 2525 449 2687 expressiim
480 2593 564 2660 est
586 2644 607 2674 ,
640 2621 862 2688 nempe
904 2600 1120 2662 Venus
1159 2592 1374 2661 ludens
1409 2592 1643 2687 agitato
1682 2592 1837 2658 indi-

1089 2694 1240 2760 ΚΞ.
1768 2710 1836 2752 ce

171 2868 232 2912 (1)
261 2861 384 2901 Modo
413 2876 501 2902 eum
526 2861 601 2913 ipsa
630 2862 757 2912 infigo}
777 2863 945 2901 Gemma
1002 2861 1573 2915 studiofisrerumamiquarum
1588 2861 1837 2902 ostenduntur

118 2920 261 2959 exstant
296 2920 429 2958 Romae
462 2917 501 2957 in
534 2915 665 2969 Museo
693 2917 875 2960 ViHorio,
909 2920 946 2956 ὅ(
1003 2930 1081 2957 non
1103 2915 1388 2968 infrequenter·

1953 231 2217 285 emilam
