2535 3862
217 359 342 403 cAP.
381 350 537 396 XXVII

612 251 704 330 98
1038 250 1911 308 DlssERTAT1o

617 343 793 408 dium
831 338 1102 402 maxime
1143 331 1589 399 adfectantibus
1628 381 1643 396 .
1703 338 1778 398 In
1823 358 2009 423 eoque
2047 360 2339 426 peccare,

618 435 816 501 solent
855 435 956 496 alii
1001 433 1275 519 plerique
1310 433 1618 496 caelatores
1656 431 2110 508 Gemmarum,
2145 437 2346 500 virtu-

620 531 668 595 ti
717 529 951 592 crimen
994 524 1123 590 falfi
1175 521 1499 589 inferentes
1531 572 1550 602 ,
1605 522 1669 590 ἃ·
1719 523 2062 590 Historiam
2113 525 2176 588 in
2226 533 2349 617 pri-

620 627 738 687 mis
764 669 784 698 ,
811 621 1004 709 (quod
1026 623 1301 689 ‚maxime
1327 621 1737 698 dolendum),
1758 639 1942 706 atque
1970 618 2347 688 Fabularum

619 721 805 783 etiam
839 716 1124 781 ordinem
1162 712 1312 805 saepe
1348 716 1742 806 deturpantes
1772 763 1786 777 .
1831 719 1922 778 At
1969 737 2116 778 vero
2142 762 2160 790 ,
2200 738 2347 780 non-

618 837 957 903 numquam
1013 809 1358 896 hujusmodi
1405 831 1680 903 gemmas
1738 815 1818 873 ita
1859 812 2070 874 caelare
2114 830 2348 902 cogun-

619 928 722 975 tur
749 956 767 984 ,
812 908 975 997 quod
1018 909 1132 972 viri
1172 908 1538 971 auctoritate
1577 907 1872 995 pollentes
1900 953 1918 981 ,
1962 901 2212 968 eosdem
2255 930 2354 971 ex-

619 1008 964 1094 perimento
1006 1002 1262 1093 probare
1310 996 1544 1077 velint,
1587 1002 1769 1092 genio
1807 996 1914 1063 suo
1952 995 2352 1065 satisfacturi.

621 1104 846 1186 Itaque
891 1098 1197 1186 Constantii
1236 1093 1510 1161 Medusae
1548 1111 1775 1182 caput,
1825 1097 2150 1183 egregium
2199 1093 2355 1159 Solo-

621 1199 709 1256 nis
735 1216 889 1280 opus
915 1201 1441 1271 ,(ornamentum
1475 1186 1708 1280 insigne
1741 1185 1934 1276 Μωρέ
1963 1186 2182 1261 Σινοζῑὶ
2205 1238 2225 1267 ,
2251 1194 2354 1255 ali-

623 1288 683 1352 bi
725 1294 828 1365 (1)
866 1313 898 1352 a
939 1286 1111 1351 nobis
1151 1286 1452 1366 laudati),
1479 1281 1880 1349 chalcedonio
1912 1279 2229 1349 fimillimo
2273 1310 2360 1350 re-

623 1402 799 1473 perto
836 1424 854 1456 ,
906 1379 1124 1446 iisdem
1169 1378 1387 1445 formis
1429 1380 1858 1454 delinearunt,
1899 1398 2083 1467 atque
2133 1380 2360 1446 incide-

625 1496 774 1542 runt
823 1483 1008 1541 Anno
1049 1498 1409 1542 MDCCXXIX.
1460 1473 1525 1543 8(
1569 1472 1789 1538 Solonis
1832 1498 2100 1549 nomen,
2143 1479 2358 1566 graecis

627 1571 1079 1636 characteribus
1106 1621 1126 1649 ,
1169 1573 1246 1637 ad
1289 1572 1656 1661 exemplaris
1704 1594 1989 1634 normam
2035 1567 2364 1662 insculpse-

628 1684 813 1742 runt3
855 1689 1039 1753 quam
1083 1670 1490 1732 recentiorem
1527 1687 1843 1757 gemmam
1881 1661 2088 1727 secum
2130 1666 2358 1734 adtulit

631 1759 943 1825 rediturus
981 1762 1040 1823 in
1082 1762 1321 1825 Gallias
1361 1762 1675 1825 Melchior
1715 1761 1789 1824 de
1827 1761 2119 1849 Polignac
2149 1809 2165 1836 ‚
2210 1767 2361 1829 Car-

631 1854 852 1918 dinalis
895 1854 1303 1944 ampliffimus
1337 1901 1358 1930 ,
1400 1857 1591 1946 Regis
1644 1861 2022 1918 Francorum
2068 1858 2127 1917 in
2178 1858 2360 1928 Urbe

629 1948 866 2013 diutina
930 1952 1272 2037 Legatione
1342 1946 1700 2037 perfunctus
1749 1997 1769 2024 ‚
1836 1951 1938 2037 qui
2016 1971 2172 2038 opus
2234 1950 2368 2019 fieri

630 2041 1037 2107 mandaverat
1062 2091 1076 2105 .
1123 2040 1426 2106 Eamdem
1462 2040 1739 2107 Medusae
1777 2045 2113 2108 Strozianae
2153 2047 2367 2139 imagi·

630 2161 774 2202 nem
824 2185 843 2214 ,
894 2137 1121 2200 minori
1171 2156 1380 2201 tamen
1430 2156 1680 2227 gemma
1717 2185 1737 2213 ,
1799 2161 2018 2227 nempe
2076 2139 2152 2203 ad
2197 2147 2367 2209 anuli

631 2232 964 2298 modulum
991 2278 1011 2306 ‚
1046 2233 1193 2294 alias
1229 2254 1472 2317 quoque
1509 2234 1804 2296 caelavere
1843 2231 2206 2312 Constantii,
2237 2237 2368 2327 ipso

633 2327 850 2391 Solonis
895 2325 1145 2387 nomine
1196 2344 1393 2414 graece
1436 2322 1730 2413 inscripto
1773 2375 1788 2388 .
1850 2329 1973 2393 Sed
2020 2351 2370 2421 magnum-2

635 2445 790 2487 onus
817 2468 837 2498 ,
895 2417 962 2485 ὅ(
1006 2422 1340 2509 negocium
1387 2421 1813 2507 importunum
1851 2467 1871 2496 ,
1916 2423 2368 2517 molestumque

637 2517 790 2581 mihi
829 2563 849 2592 ,
912 2511 978 2580 ὃ(
1017 2513 1281 2579 candido
1330 2513 1983 2606 Lecstori'adgrederer
2015 2566 2035 2594 ,
2090 2516 2135 2583 fi
2187 2541 2370 2592 tam

639 2613 842 2677 multa
884 2609 1300 2674 recentiorum
1345 2631 1533 2698 opera
1565 2658 1584 2686 ,
1635 2612 1909 2697 antiquas
1944 2633 2223 2701 gemmas
2265 2643 2369 2684 cae-

641 2710 796 2772 latas
851 2705 1253 2794 exprimentia
1303 2752 1325 2782 ,
1385 2708 1478 2769 uti
1535 2704 1609 2769 ab
1667 2703 1914 2770 vetustis
1967 2704 2368 2798 scalptoribus

644 2818 972 2867 manarunt
1009 2846 1032 2876 ,
1094 2801 1321 2866 vellem
1366 2796 1707 2866 describere
1740 2849 1762 2879 ,
1816 2798 1882 2869 8(
1923 2826 2020 2868 eas
2056 2809 2368 2886 maxime,

2243 2926 2373 2991 quae

704 3000 1269 3083 [11'Videsup120c2pxxv.
1298 3027 1435 3081 pagina
1457 3031 1520 3073 78·
2252 3038 2255 3041 ·
