2535 3862
483 227 1037 285 Exprreffrus
1098 227 1419 285 PARSII.
1704 248 1802 306 103

105 338 259 405 forte
325 333 666 400 cunetando
707 332 927 426 absque
974 334 1287 427 Baptismo
1339 333 1614 399 homines
1658 336 1810 400 inte-

104 441 292 503 rirent:
333 435 436 512 (1)
475 482 488 496 .
550 429 984 525 Igitur,quod
1033 436 1202 521 prius
1228 482 1248 510 ,
1275 429 1384 498 nifi
1421 428 1673 496 instante
1712 454 1810 494 ne-

104 526 369 595 ceffitate
401 576 422 604 ,
471 524 573 590 seu
620 529 837 591 mortis
880 528 1157 612 periculo
1188 534 1292 605 (2)
1342 575 1363 602 ‚
1417 545 1586 591 extra
1621 522 1812 617 praefi-

105 626 231 687 nita
267 641 546 713 tempora
579 622 849 684 vetitum
879 637 1010 682 erat
1047 666 1068 694 ,
1122 617 1339 682 deinde
1380 618 1811 685 Pontificum

105 718 385 783 Decretis
419 761 439 791 ,
474 737 544 777 ac
585 709 942 804 urgentibus
989 714 1423 778 Conciliorum
1471 714 1813 778 Sanffioni-

106 811 217 876 bus
251 807 623 897 frequentari
665 809 859 896 coepit
901 853 922 883 ,
964 805 1491 896 quemadmodum
1539 808 1601 869 in
1640 830 1814 872 exor-

107 905 221 969 diis
264 898 546 969 Ecclefiae
586 902 929 968 Catholicae
965 949 986 979 ,
1042 904 1105 965 in
1144 900 1365 989 quibus·
1416 923 1810 990 quocumque

102 1020 380 1088 tempore
415 999 563 1078 (3),
605 995 876 1085 qualibet
921 999 1188 1062 naturali
1225 1020 1384 1086 aqua
1419 1042 1441 1072 ,
1508 1018 1811 1083 quocum-

102 1117 222 1182 que
257 1095 435 1167 1000,
476 1086 603 1155 five
649 1093 710 1153 in
744 1092 960 1167 Mari,
991 1088 1114 1157 five
1151 1093 1210 1156 in
1243 1089 1631 1156 Fluminibus
1658 1137 1681 1168 ‚
1733 1087 1809 1156 fi-

100 1211 180 1252 ve
218 1190 279 1250 in
319 1183 656 1260 Fontibus,
695 1188 756 1248 in
803 1189 978 1262 viis,
1022 1188 1083 1250 in
1127 1185 1434 1251 Domibus
1468 1193 1573 1267 (4)
1612 1232 1634 1261 ,
1678 1184 1809 1250 ubi-

103 1304 218 1370 que
261 1278 737 1371 Baptizabantur
791 1329 806 1343 .
866 1285 1078 1348 Immo
1137 1284 1433 1370 temporis
1490 1278 1807 1373 progressu

103 1374 425 1439 accedente
463 1422 483 1451 ,
535 1372 739 1438 statim
787 1372 859 1438 ab
899 1395 1039 1440 ortu
1086 1379 1296 1440 Pueris
1335 1373 1663 1440 ministrari
1698 1371 1808 1438 sta·

101 1487 302 1533 tutum
333 1465 489 1544 fuit,
544 1465 785 1532 servato
814 1470 969 1533 Ritu
1003 1467 1639 1535 consecrandiFontes
1664 1492 1807 1534 una·-

99 1563 249 1625 nimi
286 1559 723 1626 deliberatione
771 1563 833 1624 in
876 1564 948 1624 iis
983 1563 1531 1636 SolemnitatibUS‚
1577 1564 1640 1625 in
1671 1564 1807 1650 qui-

102 1654 252 1731 buS,
287 1674 354 1721 ut
397 1657 548 1721 olim
581 1653 876 1743 Baptisma
911 1703 932 1732 ,
994 1654 1290 1744 hodieque
1334 1659 1605 1720 maxima
1652 1658 1806 1719 cele-

100 1748 318 1815 britate
362 1748 814 1816 administratur
851 1796 873 1825 ,
909 1746 975 1817 ὃς
1017 1748 1212 1816 adulti
1261 1752 1540 1841 inprimis
1582 1798 1603 1828 ‚
1656 1775 1803 1816 cum

97 1867 307 1908 eorum
354 1847 509 1910 natis
532 1895 552 1923 ,
588 1845 631 1911 fi
673 1842 935 1934 quisunt
961 1887 978 1919 ,
1005 1869 1118 1934 pro
1143 1847 1264 1910 illis
1301 1846 1515 1912 diebus
1556 1844 1803 1911 servan-

96 1956 240 2003 tur.
289 1945 370 2005 Et
403 1941 525 2004 haec
568 1939 731 2004 dieta
777 1936 1085 2004 sufficiant
1147 1938 1221 2002 de
1266 1944 1421 2005 Ritu
1463 1939 1804 2027 Baptisma-

94 2035 175 2097 tis
210 2080 231 2109 ,
268 2030 334 2100 ὃς
373 2032 447 2097 de
487 2031 824 2122 Disciplina
870 2034 1042 2095 varia
1076 2036 1382 2097 Veterum
1424 2029 1798 2097 Christiano*-

99 2150 240 2191 rum
283 2173 304 2203 ,
366 2150 498 2215 quae
549 2149 661 2217 pro
723 2121 1125 2190 illustratione
1179 2128 1351 2191 Sacri
1384 2122 1799 2191 Numismatis

102 2219 472 2313 adtingenda
511 2218 621 2288 effe
662 2218 1057 2285 videbantur.

101 2406 530 2560 EXpofitis
591 2406 992 2499 Anaglyphis
1036 2408 1058 2485 ζ
1112 2409 1434 2473 Lemmate
1478 2454 1500 2483 ,
1562 2404 1796 2497 iisque-³

281 2503 560 2569 omnibus
596 2552 616 2583 ,
655 2526 790 2592 quae
824 2526 899 2567 ex
933 2501 1271 2596 dignitate,
1314 2500 1380 2570 ὅ(
1414 2503 1636 2567 merito
1686 2508 1796 2570 Sa-

102 2621 217 2665 crae
261 2595 543 2666 Historiae
593 2597 809 2665 eadem
840 2595 1331 2690 consequuntur,
1371 2598 1677 2688 reliquum
1716 2596 1799 2663 est

1896 2303 1979 2347 CA
1998 2307 2042 2349 P.
2070 2309 2164 2352 XIX

1840 2356 1946 2398 AEtas
1963 2361 2217 2409 Numismatis

1837 2411 2065 2457 subobscura
2081 2434 2090 2457 .·
2107 2422 2215 2463 Idem

1839 2466 1990 2518 Joannt'
2050 2473 2216 2527 Zimiscae

1840 2523 2212 2578 costantinopolita-

1839 2590 1890 2615 no
1907 2579 2136 2628 Imperatori
2167 2597 2214 2622 ex

1837 2632 2049 2680 eonjffluxa
2073 2636 2213 2677 tribui-

1720 2691 1797 2758 de
1841 2695 1901 2724 tux
1922 2709 1934 2724 ο

161 2850 226 2898 (1)
256 2849 446 2890 Socrates.
460 2848 594 2905 Histor,
611 2851 816 2906 Eccleficgfl.
835 2851 920 2894 Lib.
1041 2853 1105 2903 [3]
1134 2851 1245 2892 Bafil.
1264 2852 1300 2891 In
1320 2851 1526 2891 Exhortat·
1551 2849 1599 2889 ad
1615 2849 1795 2903 Baptism.

111 2915 149 2943 v.
166 2905 359 2956 Cap-xxx.
986 2907 1100 2946 variis
1116 2907 1211 2946 locis
1226 2935 1237 2947 .

170 2961 231 3004 (Ζ)
261 2959 434 2998 Gelaflus
452 2984 463 2996 ·
484 2960 601 3010 Epist·
629 2970 690 2998 1x-
717 2970 830 3013 atque
847 2961 914 3003 alii
1038 2963 1104 3008 (4)
1132 2960 1366 3002 Tenuffian.
1396 2958 1485 3002 Lib·
1518 2959 1580 3005 De
1612 2957 1796 3010 Baptffsm,

115 3007 317 3052 Pontifices
333 3036 347 3056 2
363 3012 443 3068 ipso
461 3012 722 3066 antiquiores,
993 3013 1156 3066 Capav,
