2535 3862
572 228 1436 289 GLYPTOGRAPHICA.
1777 242 1855 300 33

151 315 266 384 effe
304 314 620 383 vinarium
648 366 667 394 ,
710 319 783 383 ab
825 341 896 382 eo
946 333 1367 406 nuncupatum
1403 362 1422 391 ,
1470 311 1620 403 quod
1651 308 1878 387 Arma,

144 413 282 498 idest
328 412 549 473 humero
597 414 914 499 deportetur
951 461 965 475 .
1032 412 1153 477 Sed
1208 410 1281 474 ab
1330 409 1712 474 diverticulo
1762 408 1881 469 in-‚

149 508 352 569 viam.
399 508 646 570 Graecas
689 503 1022 581 foeminzm,
1062 502 1377 591 utriusque
1425 526 1642 565 manus
1674 548 1693 577 ,
1735 523 1884 589 prae-

142 601 331 688 cipuo
371 621 731 663 ornamento
758 647 777 676 ,
830 602 1131 664 Armillas
1171 595 1490 661 interdum
1518 590 1825 660 destinasse
1853 639 1877 671 ,

140 713 580 784 argumentum
628 693 859 781 praebet
925 691 1205 755 validum
1262 694 1535 754 Gemma
1597 688 1672 752 ab
1723 687 1878 751 Aulo

144 791 391 861 caelata,
438 790 513 849 de
553 811 669 874 qua
709 784 988 851 differere
1036 783 1406 849 instituimus
1433 831 1449 845 .
1498 788 1593 847 De
1636 783 1878 848 Armil-

140 883 215 945 lis
262 902 409 943 vero
453 899 717 971 egerunt
751 928 769 956 ,
810 901 1026 970 praeter
1069 882 1218 943 alios
1245 926 1266 955 ,
1313 900 1465 966 quos
1506 878 1874 941 nominare-2

139 995 292 1062 opus
353 968 472 1039 fuit
504 1022 525 1051 ,
589 976 869 1041 Michae'l
920 977 1203 1065 Angelus
1271 968 1566 1039 Causseus
1624 969 1699 1036 de
1759 972 1873 1035 la-..

139 1063 404 1132 Chauffe
442 1078 587 1150 (1),
622 1072 892 1160 Joannes
933 1069 1198 1160 Baptista
1234 1065 1514 1135 Casalius
1552 1073 1664 1147 [2]
1690 1112 1711 1142 ,
1744 1067 1869 1130 alii-

141 1186 260 1251 que
309 1184 431 1226 non
469 1170 691 1253 pauci,
736 1163 837 1230 sed
872 1164 1118 1243 obiter,
1160 1166 1226 1234 ὅ(
1264 1181 1454 1254 prout
1495 1159 1732 1227 ferebat
1768 1182 1871 1225 oc-

146 1255 307 1321 eafio
352 1255 692 1323 scribendi.

337 1449 450 1515 AEc
492 1446 731 1515 decoris
770 1445 1026 1541 insignia
1062 1497 1081 1525 ,
1118 1472 1341 1540 nempe
1380 1453 1632 1513 Inaures
1657 1494 1677 1523 ‚
1721 1450 1867 1511 Mo-

155 1449 189 1632 Ι
280 1448 310 1631 Ι
384 1544 527 1607 nilia
579 1589 599 1618 ‚
661 1565 842 1632 atque
909 1546 1195 1609 Armillae
1243 1593 1261 1620 ‚
1338 1568 1466 1630 quae
1534 1541 1865 1630 Capitibus

133 1640 430 1714 Oetam,
475 1642 663 1703 Nono
690 1688 709 1715 ,
762 1636 827 1704 ὃς
866 1642 1134 1704 Decimo
1181 1635 1484 1702 illustrata
1530 1634 1663 1700 sunt
1688 1681 1708 1711 ,
1748 1632 1870 1725 spe-

131 1734 300 1799 &ant
335 1731 641 1823 potiffime
678 1732 751 1797 ad
800 1733 1110 1798 mundum
1147 1732 1557 1808 muliebrem,
1589 1752 1711 1818 quo
1747 1732 1873 1795 cul-

132 1847 232 1896 tus
271 1826 670 1894 foeminarum
713 1825 994 1894 solertior
1037 1827 1341 1892 indjcatur
1380 1835 1484 1907 (3)
1519 1853 1532 1890 :
1574 1824 1878 1891 Diceban-

132 1943 236 1991 tur
276 1947 425 1989 vero
454 1925 889 1988 Sarcinatrices
915 1972 935 1999 ,
986 1949 1117 2010 quae
1163 1946 1375 1987 curam
1404 1924 1624 1986 harum
1662 1943 1876 1985 rerum

128 2018 430 2111 gerebant
457 2067 470 2081 .
515 2022 825 2083 Gruterus
868 2013 1066 2082 adfert
1107 2014 1317 2081 saxum
1358 2017 1685 2105 antiquum
1718 2061 1741 2092 ,
1794 2018 1878 2081 ita

132 2110 505 2205 inscriptum
549 2119 662 2194 [4]
692 2160 706 2175 .

531 2225 557 2278 I
593 2224 639 2277 V
678 2221 849 2277 LIA
926 2258 940 2272 .
1018 2221 1484 2276 IVCVNDA

586 2323 768 2367 AVG.
839 2323 893 2364 L.
957 2321 1435 2365 SARCINATR

529 2394 1314 2463 A.MVNDO,MVL1Ebri
1353 2392 1473 2461 ἃς,

143 2539 324 2608 Idem
373 2537 655 2605 adlatum
712 2562 958 2628 quoque
1007 2539 1091 2605 est
1143 2540 1218 2606 ab
1261 2543 1598 2607 Laurentio
1652 2540 1879 2648 Pigne-

185 2733 249 2777 (ι)
281 2727 390 2781 Apud
421 2727 619 2768 Graev'xum
647 2753 658 2766 .
705 2728 841 2768 Tomo
875 2738 968 2768 x11·
1026 2730 1147 2768 Libro
1167 2743 1315 2768 xxxrv.
1334 2730 1477 2768 T‘mto
1500 2733 1557 2768 11.
1580 2730 1646 2769 ub}
1671 2730 1718 2766 de
1738 2734 1838 2767 Auro
1856 2753 1873 2772 ,

129 2797 221 2841 pag.
243 2798 289 2835 94
301 2799 335 2826 9.
356 2788 389 2823 &
409 2783 511 2836 seqq.
1029 2790 1075 2823 &⁹
1097 2790 1258 2835 Argenta
1277 2786 1400 2834 legato
1418 2810 1431 2825 ,
1452 2787 1499 2821 αἰ»
1524 2786 1672 2823 Mundo
1689 2810 1704 2828 ,,
1727 2788 1773 2823 de
1797 2786 1867 2820 Or-

191 2842 253 2884 (2)
298 2840 406 2889 Apud
444 2838 687 2877 Gronovium
703 2862 717 2875 .
747 2838 869 2878 Tom.
905 2849 967 2878 1x.
1024 2839 1215 2877 namenns
1232 2845 1314 2879 &a
1348 2840 1470 2875 Multa
1492 2853 1585 2876 veto
1603 2841 1638 2876 ῑη
1657 2837 1801 2878 Gloffis
1821 2836 1871 2876 ab

130 2906 222 2946 pag.
242 2899 331 2937 893.
357 2897 389 2931 δέ
411 2893 518 2946 seqq.
1027 2895 1194 2943 Ulpiano
1210 2920 1223 2936 ,
1253 2897 1287 2930 &
1305 2893 1389 2931 aliis
1410 2892 1783 2933 commentatoxibus
1804 2903 1872 2932 ex·

191 2949 258 2998 [3]
287 2948 428 2999 Agttur
458 2955 502 2986 de
523 2950 675 2987 Mundo
707 2946 881 2986 muliebri
910 2961 975 2984 cu·
1031 2948 1260 3001 planantur.

141 3005 289 3044 mulate
306 3028 323 3050 2
346 3003 533 3058 variisque
565 3003 658 3043 locis
677 3028 692 3046 ‚
728 3003 976 3055 DIgessorum
1087 3005 1148 3050 (4)
1183 3002 1325 3055 Pagina
1345 3012 1623 3041 fluxu-num.
1641 3012 1680 3038 z·

1985 1342 2112 1382 CAP.
2144 1345 2202 1384 xt

1916 1396 2100 1443 Ancinae,
2120 1413 2205 1451 quae
2228 1398 2293 1438 1·-⁴

1915 1461 2021 1489 autes
2040 1478 2054 1494 ‚
2083 1453 2297 1496 Arminas,

1916 1504 2080 1545 Monilia
2096 1533 2109 1550 ,
2143 1508 2296 1557 aliaque

1914 1569 2140 1599 ornamenta
2155 1560 2296 1599 mulie·

1917 1611 1999 1649 bria
2044 1615 2249 1653 servabant
2278 1638 2295 1656 ‚

1915 1668 2117 1717 quomodo
2185 1667 2290 1705 diee-

1916 1730 2045 1812 Eentut
2089 1733 2112 1760 a
2142 1719 2297 1761 veteti-

1948 1787 1988 1812 US
2008 1797 2020 1812 ο
