2535 3862
521 165 1429 236 DORMIENTIBUS.
1784 183 1823 250 7

115 264 339 336 strum
365 265 749 359 compreffa
782 328 806 363 9
851 262 1212 359 celataque
1237 323 1260 357 9
1300 257 1374 327 δε
1423 256 1600 356 pede
1643 257 1830 330 laevo

112 367 264 464 post
292 367 670 438 dexterum
696 362 1080 462 composito
1108 425 1131 461 9
1169 359 1455 459 ejusque
1494 360 1647 459 post
1688 379 1831 433 ter-

111 494 289 563 gum
310 533 333 568 9
359 472 430 540 in
460 493 617 540 area
644 492 948 561 gemmae
983 468 1188 539 clava
1222 467 1449 537 erecta
1473 465 1788 538 cernitur
1809 528 1834 560 9

113 593 320 670 parte
344 573 668 664 graviori
704 569 1021 665 superius
1041 633 1062 666 9
1090 569 1394 639 tenuiori
1426 566 1717 640 inferius
1744 567 1837 639 ef-

114 673 283 746 ficta
322 728 336 742 .
371 674 589 745 Alter
645 673 947 744 dextero
995 672 1236 743 cubito
1281 694 1477 742 coxae
1520 671 1835 742 dexterae

114 778 400 847 innixus
424 838 447 872 9
471 798 678 846 crure
702 798 838 845 non
861 774 1036 844 nihil
1064 773 1422 845 contracto
1447 834 1470 868 9
1489 794 1700 842 manu
1723 796 1839 864 ge-

115 902 279 949 nam
306 877 521 948 fulcit
552 942 576 977 9
616 875 1045 975 extensoque
1068 875 1301 967 magis
1337 872 1609 944 finistro
1636 875 1838 972 pede9

113 981 329 1052 aliam
360 1004 651 1053 manum
685 980 773 1051 ad
798 1003 983 1074 genu
1031 975 1440 1074 protensam
1474 994 1703 1048 tenet.
1755 978 1840 1046 In

113 1107 279 1155 area
306 1146 329 1181 9
386 1109 545 1183 quae
575 1085 805 1155 media
847 1081 940 1156 est
982 1084 1167 1153 inter
1192 1099 1581 1178 utrumque
1616 1081 1839 1151 cerni-

114 1205 240 1258 tur
274 1187 478 1259 clava
504 1188 782 1281 longior
809 1187 942 1258 alia
964 1249 987 1283 9
1012 1186 1082 1254 in
1107 1186 1250 1255 ima
1274 1203 1480 1279 parte
1509 1181 1838 1255 aculeata.

105 1289 152 1379 J
156 1308 354 1362 acent
379 1289 609 1362 veluti
633 1290 871 1362 somno
903 1287 1347 1380 indulgentes
1374 1348 1397 1382 9
1424 1284 1653 1384 supini
1670 1349 1692 1383 9
1719 1285 1841 1355 alii

115 1393 254 1464 duo
283 1409 749 1491 JOHANNES9
784 1392 856 1461 &
895 1407 1316 1463 MALCHvs.
1357 1390 1500 1460 Hic
1532 1407 1841 1485 utroque

113 1519 319 1569 crure
349 1559 373 1594 9
401 1495 836 1593 pedibusque
862 1493 1236 1593 aequaliter
1262 1492 1627 1588 productis
1653 1554 1676 1588 9
1718 1514 1841 1562 ex-

113 1597 600 1699 porrectisque
628 1654 640 1668 .
666 1599 800 1670 Ille
842 1599 1164 1669 cruribus
1198 1620 1373 1691 pene
1425 1594 1788 1666 decussatis
1818 1654 1841 1690 9

113 1700 241 1772 nifi
271 1701 459 1800 quod
494 1725 616 1799 pes
651 1701 904 1773 dexter
942 1700 1221 1791 longius
1261 1695 1839 1795 aliquantulum„

116 1807 438 1877 excurrit
459 1857 474 1873 .
504 1806 745 1878 Ambo
798 1804 1103 1875 brachiis
1147 1800 1233 1871 ad
1261 1820 1593 1872 ventrem
1620 1797 1839 1895 usque

114 1906 413 2004 prolatis
440 1961 454 1974 .
488 1906 788 1978 Malcho
813 1906 1081 1994 adjacet
1115 1903 1407 1974 securis.
1428 1902 1732 1989 johanni
1759 1899 1840 1968 li-

115 2033 339 2102 gnum
369 2007 709 2079 nodosum
738 2006 933 2105 9.s1ve
967 2006 1204 2077 mavis
1228 2004 1430 2075 clava
1460 2057 1473 2070 .
1520 2007 1836 2075 Demum

116 2111 353 2184 sedent
385 2175 409 2210 9
461 2111 550 2182 ad
601 2111 973 2183 dexteram
1023 2107 1404 2179 admodum
1455 2105 1834 2176 reclinatus

124 2231 681 2287 MARTINIANVS
709 2277 732 2309 9
784 2235 998 2310 quem
1050 2233 1275 2305 prope
1320 2211 1499 2298 jacet
1527 2206 1786 2279 securis
1815 2230 1832 2272 ε

122 2318 211 2388 ad
249 2314 595 2386 finistram
634 2331 956 2388 SERAPIO
984 2377 1006 2409 9
1040 2315 1153 2385 cui
1175 2310 1304 2384 fax
1328 2311 1573 2382 ardens
1597 2308 1837 2407 proxi-

119 2443 234 2491 ma
260 2418 387 2490 est.
419 2418 706 2489 Medius
742 2433 1122 2490 DANESIVS
1151 2479 1174 2514 9
1216 2434 1296 2486 ut
1323 2417 1392 2484 in
1420 2415 1704 2510 Ectypo
1737 2411 1833 2482 le-

120 2526 317 2617 gitur
343 2585 365 2619 9
391 2519 538 2592 swe
563 2537 979 2593 DIONYSIVS
1005 2582 1028 2616 9
1066 2537 1145 2589 ut
1181 2518 1338 2588 aliis
1361 2517 1593 2612 placet
1628 2515 1835 2585 illum

122 2646 523 2720 nuncupare
571 2628 674 2712 (1)
700 2685 723 2722 9
776 2624 1028 2693 ceteris
1076 2621 1307 2713 magis
1353 2620 1623 2691 erecs’tus
1656 2682 1679 2718 9
1725 2617 1839 2689 cui

1687 2743 1836 2791 ma—

176 2824 236 2870 (1)
264 2824 338 2863 Adi
353 2821 674 2876 Martyrologium
691 2825 900 2862 Romanum
913 2825 960 2864 ad
1015 2821 1133 2862 dianis
1148 2822 1311 2873 congesta
1330 2847 1345 2866 ,
1373 2814 1514 2863 &alios
1541 2820 1605 2874 qui
1621 2821 1838 2864 eorumdem

126 2877 243 2917 Diem
269 2889 364 2916 xxv1
378 2888 411 2914 1.
428 2876 510 2919 Juiii
527 2891 535 2913 :
560 2879 655 2916 Item
671 2878 760 2915 Aeta
779 2889 797 2912 2
816 2879 958 2915 Bollan-
1013 2878 1228 2917 Sanffmrum
1239 2877 1487 2917 meminerunt
1505 2902 1514 2913 .

1949 255 2086 295 CAP.
2117 260 2153 294 V
