2535 3862
202 780 392 830 antiquum
408 793 453 816 ex
472 779 585 816 Ame-

203 833 327 887 thysto
343 831 530 886 vulgatur.

618 235 711 288 22
1063 206 1865 280 DESS.SEPTEM

610 313 828 411 Quod
880 311 1071 383 enim
1113 310 1430 404 pertinet
1472 306 1560 379 ad
1583 309 1941 404 picturam
1971 368 1995 405 9
2041 329 2326 404 parcen-

610 419 784 489 dum
841 417 941 502 (1)
996 411 1107 483 illi
1128 436 1288 486 aevo
1313 412 1583 483 artibus
1625 410 2176 504 elegantioribus
2203 412 2321 483 de-

610 519 857 589 stituto
888 578 911 611 9
937 513 1010 584 &
1036 512 1324 612 prorsus
1349 513 1678 611 impolito
1697 570 1712 584 .

815 736 1008 794 LIUD
1033 723 1550 794 monimentum
1596 721 1898 792 materia
1936 712 2334 816 pretiosiori

648 897 662 903 ,
848 823 1134 901 constat,-
1163 824 1257 915 est
1284 826 1469 897 enim
1499 849 1590 896 ex
1613 822 2071 922 Amethysto9
2098 820 2171 890 ὅ(
2198 816 2336 891 for-

614 927 781 998 taffe
833 927 1159 999 eumdem
1214 928 1546 998 Sanctum
1596 929 2051 997 Demetrium
2081 988 2104 1023 9
2144 942 2326 1017 typo

615 1028 1100 1102 semiexstante
1125 1032 1410 1102 exhibet
1436 1092 1459 1126 9
1486 1026 1723 1122 figura
1746 1029 1996 1100 militis
2021 1026 2288 1121 galeati
2309 1087 2333 1122 9

615 1155 696 1203 ac
723 1133 1073 1203 thoracati
1097 1164 1118 1209 ‚-
1167 1135 1465 1228 clypeus
1510 1154 1681 1204 vero
1711 1131 1953 1203 Cruce
1978 1129 2337 1227 haudqua-

618 1256 838 1331 quam
886 1232 1305 1328 insignitur.
1359 1234 1620 1306 Cetera
1658 1252 1739 1304 ut
1767 1234 2008 1330 paullo
2033 1250 2194 1304 ante
2218 1231 2336 1303 de-

617 1335 1024 1435 scripsimus
1050 1369 1070 1415 3
1101 1341 1174 1411 N
1180 1340 1364 1409 imbo
1391 1339 1649 1410 etenim
1689 1338 2003 1409 rotundo·
2021 1359 2198 1433 pone
2222 1356 2333 1406 ca-

618 1458 750 1536 put
778 1441 1264 1542 exornatur9&
1293 1440 1674 1536 chlamyde
1695 1439 1848 1537 post
1886 1443 2222 1511 humeros
2248 1435 2341 1509 ef-

618 1541 774 1614 fusa
797 1608 821 1644 9
849 1545 1295 1643 religataque
1319 1563 1481 1617 ante
1521 1545 1764 1640 pecius
1789 1544 1984 1614 bulla
2010 1607 2034 1642 9
2078 1544 2150 1613 in
2176 1563 2337 1640 par-

2271 1663 2341 1715 te

671 1745 732 1794 (1)
759 1745 902 1787 Cicero
927 1747 972 1786 de
986 1751 1149 1787 Natura
1167 1750 1335 1787 Deorum
1362 1748 1446 1786 Lib.
1505 1746 1754 1801 hementifflme
1770 1745 1849 1799 fibi
1875 1744 2045 1785 animum
2073 1745 2128 1782 ad
2153 1743 2340 1784 virtutem

618 1798 670 1837 11.
695 1803 882 1850 pag.286.
902 1799 1022 1850 inquit
1043 1825 1052 1836 .
1070 1804 1206 1859 Qum
1220 1815 1307 1838 vero
1321 1812 1449 1851 aptas,
1504 1802 1679 1838 accendi.
1756 1814 1797 1838 ua
1822 1798 1924 1852 plane
1957 1799 2002 1838 de
2033 1795 2152 1838 causta
2183 1795 2340 1850 Effigies

620 1865 810 1901 quamque
834 1855 1043 1892 multarum
1083 1855 1228 1893 artium
1261 1854 1448 1906 mimstras
1505 1853 1696 1901 Majorum
1707 1853 1744 1891 in
1761 1851 1881 1905 prima
1896 1864 2001 1904 parte
2020 1850 2127 1893 AEdis
2154 1850 2240 1902 poni
2253 1864 2338 1890 con·

619 1918 757 1944 manus
770 1931 784 1947 ,
815 1917 961 1944 natura
989 1907 1129 1944 homini
1144 1907 1273 1944 dedit?
1299 1907 1444 1957 Digito-
1506 1903 1657 1943 suevissk:
1671 1919 1800 1945 narrat
1819 1904 1989 1943 Valerius
2004 1903 2190 1943 Maximus
2201 1907 2335 1942 Exem.

617 1971 705 1995 rum
724 1958 823 1996 enim
838 1959 1036 1998 contradiio
1057 1959 1193 2011 facilis
1209 1984 1224 2001 ,
1243 1957 1450 2009 faciltsque
1500 1960 1647 2009 plorum
1662 1959 1957 1997 memorabilium
1972 1958 2079 1996 Libro
2095 1972 2114 1995 v
2126 1983 2134 1992 .
2153 1960 2341 2008 Cap-vnx-

612 2009 788 2062 porree‘iio
798 2022 945 2062 propter
959 2013 1079 2050 molles
1094 2010 1345 2062 commiffuras
1360 2037 1375 2054 ,
1404 2017 1449 2050 &¹
1506 2013 1648 2048 Verum
1679 2013 1778 2062 quod
1807 2011 1937 2048 abuius
1955 2009 2155 2060 aliquando
2179 2009 2336 2062 obrepe-

619 2073 728 2102 artus
744 2088 759 2106 ‚
778 2065 878 2101 nullo
910 2064 950 2101 in
980 2076 1081 2102 motu
1106 2066 1257 2103 laborat
1274 2090 1284 2101 .
1314 2068 1453 2114 Itaque
1510 2075 1551 2100 re
1579 2063 1776 2103 videantur
1789 2089 1804 2108 ,
1832 2064 2010 2105 notandus
2023 2063 2222 2104 Ciceronis
2238 2063 2340 2104 loeus

618 2116 671 2152 ad
692 2117 921 2168 pingendum
944 2119 1203 2169 ,fingendum
1234 2144 1248 2161 ,
1275 2120 1329 2156 ad
1351 2114 1454 2168 scal-
1509 2116 1621 2155 Libro
1649 2119 1699 2156 11.
1728 2119 1774 2156 de
1804 2120 1954 2156 Oratore
1982 2143 1997 2160 ,
2026 2115 2091 2154 ubi
2125 2131 2217 2169 pag.
2252 2127 2342 2159 199.

615 2170 807 2221 pendam,
836 2170 890 2208 ad
915 2184 1116 2209 nervorum
1145 2172 1334 2211 eliciendos
1342 2170 1448 2222 sonos
1496 2167 1630 2221 scribit
1658 2198 1668 2207 .
1698 2173 1818 2211 Valde
1847 2182 1977 2209 autem
2008 2170 2185 2208 ridentur
2224 2170 2343 2209 etiam

621 2223 674 2260 ad
705 2223 887 2260 tibiarum
913 2248 927 2264 ,
955 2234 1052 2270 apta
1081 2238 1220 2263 manus
1247 2225 1292 2275 est
1322 2226 1448 2261 admo·
1502 2224 1703 2273 imagines,
1722 2225 1890 2276 quaesere
1906 2224 1948 2262 in
1961 2223 2260 2275 defhrmitatem,
2274 2232 2344 2261 aut

621 2277 715 2313 tione
741 2275 969 2326 digitorum,
997 2282 1077 2315 &c-
1105 2277 1201 2315 Vide
1220 2291 1363 2327 quoque
1378 2278 1449 2313 La·
1505 2276 1547 2313 in
1588 2277 1742 2326 aliquod
1770 2279 1913 2316 vitium
1941 2277 2093 2328 corporis
2118 2278 2345 2318 ducuntur,

623 2328 766 2367 &antii
803 2328 992 2366 Firmiani
1025 2329 1183 2368 Librum
1225 2331 1269 2367 de
1300 2328 1449 2380 Opistcio
1507 2342 1593 2365 cum
1603 2330 1852 2376 fimilitudine
1866 2329 2045 2381 turpioris
2059 2354 2068 2365 .
2086 2329 2144 2366 De
2166 2330 2236 2369 hoc
2252 2328 2338 2367 abur

622 2380 724 2423 Dei,
752 2380 886 2431 Cipite
905 2396 941 2419 x.
974 2379 1010 2420 in
1026 2395 1101 2433 quo
1113 2381 1190 2433 agit
1204 2383 1251 2422 de
1263 2379 1448 2421 membris
1506 2379 1544 2417 su
1558 2379 1646 2417 alibi
1662 2381 1809 2433 loquuti
1824 2379 2053 2439 limium-ege
2070 2381 2340 2423 Thebanorum

624 2433 877 2474 exterioribus
905 2434 1063 2475 hominis
1088 2462 1103 2479 ,
1132 2447 1241 2486 atque
1274 2433 1336 2474 usu
1363 2432 1449 2473 illo·
1507 2432 1643 2472 mul&
1666 2434 1880 2485 pecuniaria
1908 2437 2077 2474 coffrclto
2095 2460 2104 2470 .
2135 2433 2234 2474 Vide
2251 2436 2342 2486 Di]-

626 2500 707 2525 rum
726 2514 735 2523 .
767 2485 906 2528 Plinius
937 2501 1060 2528 autem
1076 2489 1285 2528 Naturalis
1301 2487 1460 2540 Historia*
1506 2485 1651 2537 serrat.
1678 2489 2084 2540 Glyptograph.Cap.1.
2109 2500 2204 2540 pag.
2226 2500 2262 2524 2.
2277 2487 2345 2527 ubi

622 2541 731 2580 Libro
760 2554 892 2580 xxxxv.
910 2545 998 2594 Cap.
1016 2557 1071 2581 xv.
1101 2543 1154 2581 ait
1190 2567 1200 2578 .
1228 2542 1377 2593 Effigies·
1398 2542 1457 2578 ho·
1512 2541 1682 2579 eamdem
1711 2541 1848 2594 Legem
1884 2541 2135 2593 descripfimus
2166 2567 2177 2577 .
2209 2547 2346 2593 Neque

627 2595 773 2633 minum
800 2610 868 2634 non
890 2594 1060 2646 solebant
1075 2596 1266 2647 exprimi,
1297 2594 1454 2645 nifiali-
1508 2594 1608 2631 enim
1638 2594 1698 2632 ita
1726 2595 2101 2646 generatianatura
2113 2592 2346 2645 sumus(ait

625 2660 705 2698 qua
732 2648 866 2702 illogllri
891 2647 1018 2701 cauffa
1056 2650 1351 2700 perpetuitatem
1380 2662 1453 2685 me-
1509 2645 1610 2685 idem
1626 2648 1769 2689 Cicero
1782 2649 1889 2687 Libro
1900 2652 1977 2686 mie
1989 2648 2342 2701 Officiispag.43z.)

624 2701 791 2739 rentium
814 2727 824 2737 .
854 2703 979 2752 Atque
1020 2702 1105 2742 inde
1137 2701 1316 2741 Sallustius
1346 2726 1362 2744 ³
1392 2705 1450 2739 De
1506 2711 1549 2738 ut
1567 2701 1619 2738 ad
1632 2702 1766 2740 ludum
1783 2727 1798 2744 ³
1815 2709 1861 2741 δ’
1874 2700 2109 2754 jocumfhdii
2122 2701 2188 2753 effe
2208 2703 2343 2741 videa—

628 2755 725 2792 Bello
739 2756 992 2805 Iugurthino,
1020 2754 1098 2794 fere
1128 2754 1166 2794 in
1190 2753 1376 2808 principio
1392 2752 1449 2792 di·
1501 2767 1587 2791 mur
1603 2768 1614 2796 3
1630 2756 1700 2804 sed
1713 2757 1766 2794 ad
1781 2752 2164 2806 severitatcmpotius
2178 2781 2193 2798 ,
2223 2764 2269 2796 ΕΤ
2286 2756 2339 2794 ad

630 2805 689 2845 xit
705 2832 715 2843 .
747 2809 843 2859 Saepe
872 2808 1013 2846 audivi
1037 2812 1095 2867 Q
1110 2809 1341 2847 Affaximum
1366 2833 1382 2851 ,
1409 2808 1456 2845 Ρ.
1513 2808 1818 2860 quaedamsludia
1831 2808 2149 2859 graviora,atque
2174 2810 2337 2858 majora.

630 2859 830 2911 Scipionem
858 2887 873 2903 ,
897 2873 1075 2912 praterea
1108 2862 1292 2899 Civitatis
1339 2858 1459 2911 nostra·
1566 2861 1636 2899 Sed
1650 2861 1751 2902 aliud
1781 2861 1831 2899 est
1856 2860 2039 2915 ingeniose
2066 2860 2170 2899 abuti
2187 2874 2270 2905 arte
2286 2862 2339 2914 pi-

625 2915 818 2964 praeclaros
836 2915 935 2954 viros
952 2940 966 2956 ,
974 2912 1098 2964 solitos
1115 2916 1172 2954 ita
1189 2914 1325 2958 dicere,
1341 2927 1460 2966 quum
1515 2915 1626 2953 &urm
1637 2930 1648 2960 3
1678 2916 1777 2954 aliud
1806 2916 1982 2966 praeclara
2004 2915 2188 2969 pingendo
2202 2930 2248 2957 ex
2266 2915 2332 2956 inv

632 2968 835 3018 Maiarum
865 2968 1049 3020 imagines
1080 2968 1324 3009 intueremur
1354 2994 1370 3012 2
1396 2982 1465 3006 ve·
1519 2967 1651 3019 peritia
1682 2968 1839 3010 deficere
1857 2994 1868 3006 .
