2535 3862
636 204 771 263 106
1023 201 1914 261 DISSERTATIO

228 287 543 340 §ap-xxvm
625 294 857 358 Balneo
909 284 1304 352 subterraneo
1361 293 1551 352 Anno
1603 308 2060 357 Moccxxxx.
2124 293 2361 361 selecftis

623 381 1043 452 min-moribus
1067 429 1088 458 ,
1131 380 1195 450 ὅ(
1232 379 1565 472 sculpturis
1604 381 2033 451 ornatiffimoz
2077 387 2359 477 pretiosis

625 484 774 544 item
816 478 1127 540 columnis
1153 525 1173 554 ,
1216 501 1366 566 quas
1410 473 1621 552 baseS,
1659 475 1725 544 ὃ(
1765 479 2046 568 epystilia
2093 506 2167 549 ex
2205 509 2364 549 aere-2

624 577 904 638 inaurata
947 568 1323 638 decorabant
1361 620 1376 636 .
1426 572 1703 637 Fornicis
1761 577 1934 638 enim
1972 571 2164 664 spatia
2221 575 2367 645 rosae

598 665 915 756 'quaedam
947 691 977 730 e
1001 664 1210 758 gypso
1235 664 1576 757 conspicuae
1594 715 1615 744 ,
1660 670 2077 758 inaurataeque
2123 669 2373 738 instrue-

624 762 813 837 bant,
842 786 1109 851 quarum
1151 759 1434 828 rosarum
1472 765 1533 825 in
1574 782 1789 828 centro
1832 766 2165 857 Smaragdi
2202 764 2373 832 infixi

628 855 1003 947 adparebant
1023 906 1036 920 .
1068 855 1359 937 Ejusdem
1386 854 1601 924 formae
1621 905 1641 934 ,
1665 858 1790 924 duo
1820 862 2153 925 Verticilla
2178 864 2372 927 vitrea

626 948 956 1017 servantur
994 955 1055 1016 in
1093 952 1318 1017 eodem
1352 955 1494 1017 loco
1518 999 1537 1027 ,
1574 952 1743 1017 aliud
1783 955 2153 1032 caeruleum,
2197 957 2370 1021 aliud

629 1043 939 1109 albescens
971 1094 993 1122 ,
1045 1067 1385 1135 utrumque
1428 1041 1680 1118 ὢιοῖφκνον
1719 1092 1736 1109 .
1783 1051 1938 1114 Haec
1991 1073 2235 1137 quoque
2279 1075 2372 1115 res

627 1134 974 1228 subpositas
1018 1163 1142 1206 non
1184 1144 1337 1207 nihil
1375 1138 1686 1233 adaugent
1714 1189 1728 1204 .
1777 1139 1897 1206 Sed
1935 1139 2001 1207 ὅ(
2043 1146 2173 1207 aliae
2206 1143 2376 1210 faeti·-

629 1237 725 1298 tiae
772 1255 1035 1323 gemmae
1063 1285 1084 1314 ,
1128 1260 1259 1324 quae
1304 1233 1542 1300 scriniis
1582 1234 1871 1300 ornandis
1915 1227 2373 1316 inserviebant,

631 1328 891 1418 aliisque
933 1329 1137 1396 ufibus
1164 1381 1186 1410 ‚
1233 1355 1354 1397 non
1396 1333 1483 1394 ita
1526 1326 1708 1395 facile
1749 1327 2160 1399 describendis
2207 1358 2379 1426 para-³

630 1425 858 1491 bantur
885 1475 908 1506 ,
957 1425 1308 1495 adsimilem
1346 1421 1641 1493 effeetum
1679 1423 1957 1518 produnt
1984 1476 1998 1493 .

1135 1971 1137 1973 >
1209 1997 1413 2046 'Vin-um
1446 2000 1730 2070 Antiquam·
1919 1997 2155 2056 Czystall.

736 2066 1022 2131 Antiquam..
1933 2057 2164 2109 Muniam

644 2197 945 2268 Vidimus
987 2198 1142 2264 item
1200 2199 1584 2266 Globulum*
1613 2200 2054 2289 crystallinum
2111 2202 2381 2290 'peranti-

642 2317 836 2384 quum
873 2297 933 2354 in
972 2293 1155 2357 eodem
1201 2291 1405 2382 Musbo
1436 2341 1456 2370 ,
1502 2297 1574 2357 iis
1611 2294 1952 2361 adsimilem
1975 2345 1995 2374 ,
2043 2295 2263 2385 quibus
2301 2296 2378 2362 ad

645 2386 826 2455 usum
873 2389 1096 2451 tunicae
1120 2435 1141 2465 ,
1185 2387 1310 2455 five
1353 2385 1574 2454 indufii
1616 2387 1987 2456 obfirmandi
2015 2438 2031 2461 ,
2057 2391 2120 2459 ὅ(
2164 2391 2240 2456 ad
2284 2416 2382 2458 or-

642 2502 861 2565 natum
901 2505 1147 2570 quoque
1198 2481 1461 2551 vestium
1508 2482 1718 2549 nostro
1761 2508 1891 2551 aevo
1952 2490 2184 2553 utimur
2224 2535 2246 2564 ,
2313 2485 2379 2556 ὃς

646 2582 767 2644 alia
808 2579 1104 2647 nonnulla
1142 2576 1410 2664 ejusdem
1450 2583 1688 2673 generis
1725 2629 1746 2658 ‚
1799 2577 1899 2645 sed
1939 2579 2150 2674 figurae
2194 2584 2377 2648 variae

650 2675 936 2749 cimelia,
976 2698 1103 2761 quae
1143 2679 1354 2741 omnia
1395 2679 1658 2766 aliquem
1702 2673 2134 2766 imperfeflum
2171 2697 2376 2744 tamen

652 2791 749 2834 res
796 2770 1102 2857 quaslibet
1146 2770 1492 2864 adaugendi
1531 2819 1552 2848 ,
1613 2768 1740 2836 five
1794 2770 2187 2838 adcrescendi
2237 2767 2372 2837 rno-

658 2862 809 2931 dum
845 2860 1179 2955 praeferunt
1212 2916 1227 2935 .
1279 2869 1548 2940 Nullam
1596 2886 1749 2934 vero
1789 2870 2017 2936 lentem
2069 2866 2375 2936 vetustam

2211 2987 2380 3030 mve-
