2535 3862
568 204 1430 266 GLYPTOGRAPHICA.
1765 220 1845 267 21

147 294 366 371 batur,
408 291 573 381 quod
607 296 669 357 in
704 296 958 360 Platone
995 292 1358 360 observabat
1386 293 1684 383 Apulejus
1713 296 1854 373 (1):

150 386 319 460 Usus
357 411 505 453 vero
537 387 859 478 paullatim
893 385 1156 477 gliscens
1185 437 1204 466 ,
1235 387 1565 477 frequentia
1605 385 1858 463 austuS,

144 505 254 546 nec
301 483 507 570 aliquo
554 484 708 573 legis
752 481 1099 571 praescripto
1147 487 1456 548 co'ercitus
1503 530 1523 558 ,
1581 505 1650 546 ac
1696 497 1864 546 retu-

141 573 235 640 sus
260 622 281 651 ,
335 572 513 640 facile
549 580 612 639 in
656 573 915 639 abusum
959 574 1329 641 declinavit.
1369 577 1475 640 Ad
1508 578 1611 639 hoc
1645 579 1867 666 excogi-

142 689 269 733 tata
339 690 435 732 zmt
479 673 694 732 aurium
734 672 982 735 ‘vulnera
1004 715 1025 743 ,
1069 670 1271 756 inquit
1295 670 1527 735 Plinius
1562 671 1625 732 in
1656 675 1866 736 Prooe-

138 765 271 828 mio
317 762 395 828 ad
443 761 702 826 Librum
741 786 897 831 x11.
963 764 1282 827 Naturalis
1337 759 1630 830 Historiae
1693 769 1806 843 [2]
1851 768 1871 839 ,‘

70 846 75 851 ’
143 861 405 920 nimirum
442 860 694 944 quoniam
726 873 925 942 parum
975 857 1046 944 est
1092 856 1272 932 colle,
1315 854 1660 944 crinibusque
1693 855 1874 945 geffa-

139 955 234 1026 ri,
272 955 377 1015 niz
415 947 796 1037 irfiderentur
836 954 1005 1014 etiam
1045 954 1300 1037 corpori.
1354 948 1736 1033 Hujusmodi
1773 973 1872 1015 or-

143 1062 434 1108 namenta
465 1090 485 1119 ,
534 1047 616 1108 ita
659 1042 952 1109 describit
988 1040 1258 1110 Isidorus
1303 1041 1681 1134 Hispalensis
1725 1047 1874 1126 (3):

145 1136 380 1202 Inaures
445 1136 514 1201 ab
556 1144 773 1203 aurium
806 1137 1193 1226 foraminibus
1243 1160 1559 1227 nuncupatae
1602 1188 1622 1215 ,
1678 1138 1877 1228 quibus

132 1234 384 1322 pretiofh
425 1258 628 1323 genera
663 1234 912 1322 lapidum
949 1234 1245 1321 dependent
1280 1283 1292 1297 .
1347 1234 1563 1299 Harum
1605 1259 1638 1295 u
1664 1260 1727 1296 us
1763 1238 1879 1299 ist-2

145 1328 368 1394 Graecia
404 1354 420 1391 :
465 1329 671 1394 Puellae
706 1349 940 1417 utraque
977 1353 1108 1392 aure
1150 1379 1170 1406 ‚
1208 1334 1370 1414 pueri
1415 1349 1632 1393 tantum
1671 1329 1880 1393 dextra

144 1422 415 1511 gerebant
442 1470 456 1485 .
507 1422 663 1487 Inde
709 1420 991 1488 officium
1029 1425 1337 1512 peculiare
1373 1428 1614 1489 Domus
1656 1428 1880 1513 Augu-

143 1515 245 1580 stae
290 1564 311 1593 ‚
373 1514 437 1582 &
492 1512 692 1580 forsan
739 1519 1127 1605 privatorum
1190 1520 1378 1581 etiam
1429 1517 1590 1605 apud
1643 1535 1882 1580 veteres

144 1608 265 1676 fuit
293 1658 313 1688 ,
357 1607 645 1675 foeminas
685 1612 1022 1676 ornatrices
1067 1611 1312 1680 aurium
1344 1609 1686 1685 destinare,
1723 1608 1752 1696 (
1765 1627 1886 1672 ete-

145 1707 283 1769 nim
332 1704 520 1770 valde
557 1707 762 1794 plures
804 1723 974 1770 erant
1000 1752 1019 1782 ‚
1066 1728 1191 1792 quae
1233 1705 1600 1769 Ornatrices
1639 1721 1885 1768 rantum

147 1798 518 1865 dicebantur
555 1846 576 1876 ‚
613 1823 946 1889 earumque
988 1795 1269 1864 officium
1326 1801 1522 1891 magis
1565 1796 1887 1888 protende-

144 1893 327 1959 batur
366 1941 387 1970 ,
443 1892 508 1961 ὃς
552 1896 613 1958 in
658 1891 810 1959 saxis
849 1896 1113 1982 antiquis
1161 1891 1311 1983 saepe
1355 1902 1833 1970 memorantur)
1872 1942 1886 1957 .

146 1994 300 2055 Duo
338 1985 582 2053 vetusta
624 1991 1010 2053 monimenta
1051 1984 1284 2050 exstant
1325 1987 1489 2077 apud
1537 1992 1886 2053 Gruterum

148 2084 210 2145 in
254 2103 490 2173 magno
539 2079 1027 2171 Inscriptionum
1069 2077 1386 2145 Thesauro
1433 2086 1536 2163 (4)
1579 2127 1599 2156 2
1666 2080 1885 2167 quibus

148 2173 260 2239 ista
304 2176 435 2239 haec
473 2177 741 2241 maxime
781 2173 1162 2241 illustrantur
1202 2223 1216 2237 .
1260 2178 1618 2240 Nummum
1659 2194 1888 2239 antea...

150 2268 464 2335 ineditum
506 2317 527 2349 ,
583 2267 647 2337 ὅ(
703 2269 867 2361 apud
915 2273 1169 2334 Graecos
1223 2267 1571 2358 percussum
1622 2272 1888 2357 protulit

1713 2387 1792 2429 CX

206 2478 268 2524 (ι)
300 2478 478 2518 Scilicet.
509 2481 570 2518 De
588 2479 822 2520 Habitudine
841 2480 988 2520 Domi·
1101 2480 1160 2530 [4]
1193 2480 1330 2532 Pagina
1364 2490 1546 2517 Dtxxrx.
1583 2491 1688 2516 num.
1708 2490 1744 2516 2.
1783 2479 1818 2515 &
1844 2487 1885 2526 3;

152 2544 288 2571 narum
307 2533 499 2572 Platonis.
522 2534 636 2573 Libro
655 2547 689 2573 1.
723 2536 787 2587 qui
808 2535 984 2574 inscribi·
1046 2536 1139 2584 Legi
1175 2534 1361 2587 liquidem
1402 2543 1554 2583 oportet
1609 2542 1878 2569 AVchLAE

151 2595 214 2624 tur
244 2612 255 2622 .
302 2588 361 2622 De
405 2586 622 2638 Philosophia
652 2588 839 2628 Naturali
870 2613 882 2626 ·
929 2588 984 2627 ibi
1043 2599 1327 2628 ORNATRIX
1361 2611 1372 2623 .
1406 2601 1511 2625 num.
1546 2598 1583 2632 3.
1629 2599 1704 2623 non
1752 2598 1880 2625 autem

150 2651 239 2690 pag.
258 2650 346 2685 570.
366 2640 458 2678 Auri
475 2651 626 2680 tantum
653 2643 759 2690 (hoc
777 2646 828 2684 est
843 2668 858 2686 ,
888 2642 977 2681 reli·
1047 2655 1134 2680 ναι
1150 2654 1197 2681 cr
1214 2654 1238 2680 A
1253 2653 1274 2680 Ε
1300 2672 1308 2680 .
1343 2640 1502 2680 verbum
1531 2639 1626 2679 nihil
1655 2638 1848 2690 designans
1864 2665 1898 2681 .,

151 2692 267 2742 quit)
288 2719 302 2736 ³
333 2702 521 2744 quantum
550 2708 640 2744 puer
668 2696 876 2736 nobilitatis
904 2696 986 2741 inst·
1046 2697 1118 2737 Adi
1149 2695 1393 2735 Laurentium
1430 2695 1648 2745 pignorium
1685 2694 1721 2732 in
1753 2695 1881 2733 Com—

149 2759 224 2796 gne
243 2746 282 2784 in
300 2747 471 2786 auricula
485 2750 646 2801 gestavit
662 2751 772 2791 .Vide
793 2753 897 2791 Edit.
920 2754 988 2790 Pa·
1046 2753 1237 2790 mentatio
1270 2751 1315 2789 de
1344 2750 1467 2790 Servis
1497 2776 1511 2793 ,
1548 2753 1583 2788 &
1614 2760 1745 2787 eorum
1776 2746 1876 2799 apud

154 2800 565 2841 rissmncnxxxvm.
583 2805 626 2840 ad
646 2804 751 2844 usum
772 2804 985 2858 Delphini·
1038 2806 1198 2844 Veteres
1227 2803 1441 2843 ministeriis
1459 2829 1469 2844 ‚
1503 2817 1590 2855 pag·
1623 2815 1714 2847 199·
1756 2801 1873 2841 Plura

212 2860 272 2902 (z)
308 2856 448 2895 Videfis
466 2869 551 2896 ante
573 2859 698 2908 Caput
719 2870 753 2896 1.
1038 2871 1132 2895 vcro
1152 2857 1273 2897 adfert
1293 2858 1386 2896 scitu
1406 2856 1519 2909 digna
1538 2855 1689 2906 Gaspar
1709 2858 1875 2894 Bartho-

212 2911 271 2960 [3]
304 2911 498 2962 originum
533 2935 545 2948 ·
592 2912 710 2953 Libro
738 2924 833 2955 xxx.
869 2914 988 2967 Capi·
1046 2912 1145 2952 linus
1174 2914 1421 2965 Syntagmate
1454 2911 1498 2950 de
1518 2908 1717 2951 Inauribus
1750 2908 1875 2949 inscri-

163 2977 197 3005 te
216 2976 334 3008 xxm,
1050 2978 1118 3018 pto
1138 2994 1149 3007 .

1948 285 2071 331 CAP.
2091 281 2195 327 vm
