2535 3862
518 213 1398 275 GLYPTOGRAPHICA.
1771 216 1857 287 63

106 303 463 372 'communi
522 307 824 394 Sepulcro
869 308 1215 369 Servorum
1258 352 1277 381 ‚
1344 302 1407 371 ὅ(
1474 302 1869 370 Libertorum

138 402 329 466 Liviae
367 395 666 490 Augustae
694 447 710 475 ,
755 396 818 465 <Sc
859 396 1176 464 Caesarum
1222 401 1341 465 Via
1381 401 1587 489 Appia
1623 395 1870 463 detesto

139 500 334 559 Anno
373 515 722 559 MDCCXXVI.
776 512 944 557 extra
986 511 1233 581 portam
1272 497 1590 583 Capenam
1630 538 1649 569 ‚
1714 495 1869 557 inter

137 591 457 678 primum,
501 585 564 653 ὅ(
618 585 952 651 secundum
997 587 1071 650 ab
1119 586 1296 658 Urbe
1348 586 1660 675 lapidem,
1718 610 1869 674 quos

134 706 347 748 omnes
387 682 449 744 in
499 679 720 746 eodem
768 684 908 744 loco
953 704 1087 743 mea
1136 703 1323 742 manu
1369 677 1696 769 descripfi.
1741 685 1871 744 No-

129 801 283 842 vum
324 772 517 840 officii
554 795 750 865 genus
793 772 1242 863 deprehendere
1282 769 1390 836 fibi
1431 770 1599 837 visus
1642 772 1724 837 est
1748 798 1870 837 coe-

133 889 228 935 tus
277 869 665 934 eruditorum
710 872 770 932 in
818 870 935 933 hoc
979 869 1288 958 epitaphio
1318 914 1339 943 ‚
1381 893 1450 931 ac
1495 886 1871 957 propterea-⁴

131 969 191 1028 in
250 966 454 1029 varias
513 961 837 1029 distraetus
885 960 1207 1028 sententias
1248 1011 1269 1039 ,
1336 964 1435 1027 alii
1483 985 1703 1027 eorum
1749 964 1871 1026 alio

132 1055 412 1124 feruntur
438 1105 456 1133 ,
508 1056 572 1125 ὃ(
618 1083 741 1147 quo
783 1061 994 1149 vagari
1038 1057 1211 1124 lubet
1253 1056 1593 1146 spatiantur
1632 1085 1646 1120 :
1697 1080 1871 1121 non-2

134 1156 288 1219 nulli
330 1150 611 1219 officium
654 1177 748 1218 AD
779 1208 794 1225 .
839 1177 1212 1221 VENEREM
1252 1156 1311 1216 in
1354 1176 1424 1216 eo
1468 1151 1871 1230 constituunt,

134 1269 202 1314 ut
247 1249 627 1314 Amianthus
653 1297 672 1327 ‚
707 1252 898 1316 Liviae
937 1248 1150 1315 fucum
1185 1267 1466 1339 pararet,
1507 1246 1572 1314 ὅ(
1611 1270 1869 1335 ea,quae

134 1344 210 1408 ad
251 1341 632 1410 venustatem
679 1348 803 1409 oris
844 1341 1251 1409 affeetandam
1294 1341 1694 1408 conducunt:
1742 1343 1874 1406 Alii

134 1442 325 1503 Liviae
375 1439 765 1503 Ornatorem
813 1436 1163 1504 existimant
1208 1487 1226 1515 ,
1277 1439 1471 1525 qualis
1517 1435 1683 1527 apud
1727 1439 1874 1501 Rei-

134 1533 369 1597 nefium
418 1540 564 1615 (1),
610 1531 933 1622 Eperastus
978 1550 1410 1597 memoratur.
1460 1533 1656 1617 AEque
1703 1533 1875 1593 enim

136 1630 519 1703 Ornatores,
557 1646 739 1716 atque
765 1630 1125 1693 Ornatrices
1167 1624 1431 1690 habuere
1461 1620 1729 1689 Caesares
1758 1669 1776 1697 ‚
1811 1621 1875 1689 ὃς

138 1720 447 1789 Caesarum
495 1746 714 1786 uxores
764 1727 910 1805 (2).
942 1723 1201 1788 Alexius
1244 1718 1666 1805 Symmachus
1701 1722 1874 1783 Maz-

141 1817 431 1882 zocchius
456 1862 475 1892 ,
515 1816 687 1881 edito
728 1817 1206 1883 Commentario
1247 1817 1310 1879 in
1348 1815 1642 1879 mutilum
1687 1817 1876 1878 Cam-

136 1913 278 2001 pani
312 1911 770 2000 Amphitheatri
811 1913 1105 1976 Titulum
1145 1914 1296 1990 (3),
1339 1908 1675 1999 legendum
1720 1903 1874 1971 effe„

137 2022 432 2096 putavit.
486 2027 992 2069 AMIANTHVS.
1047 2024 1288 2066 L1v1AE.
1342 2023 1425 2063 AD
1474 2022 1873 2065 VENEREM.

138 2101 293 2179 (hoc
344 2098 433 2160 ess?
463 2099 784 2176 delicatus)
804 2097 933 2187 finit
957 2123 976 2175 ;
1020 2099 1119 2159 cui
1157 2114 1368 2159 tamen
1408 2114 1747 2185 repugnare.
1790 2096 1879 2155 vi·-

142 2194 366 2259 dentur
414 2194 749 2258 Svetonius
788 2200 945 2273 [4],
994 2187 1058 2255 ὃ(
1102 2187 1374 2277 castigati
1425 2209 1628 2250 mores
1678 2186 1874 2253 Caesa-

142 2290 222 2353 ris
274 2284 546 2378 Augusti
586 2335 600 2350 .
662 2290 882 2374 Itaque
927 2308 1051 2349 non
1090 2306 1303 2346 omnes
1347 2282 1469 2344 illis
1516 2283 1878 2371 interpreta-

143 2381 412 2448 tionibus
470 2378 872 2470 adquiescunt
912 2429 925 2443 .
988 2377 1110 2446 Sed
1152 2379 1296 2445 Viri
1347 2373 1659 2442 clariffimi
1708 2425 1727 2453 ‚
1778 2380 1883 2463 qui

146 2480 358 2568 Opere
398 2473 690 2568 singulari
729 2473 1056 2566 praefatum
1092 2477 1585 2540 Monumentum
1625 2468 1885 2536 illustra-

1700 2581 1890 2642 runt,

199 2708 259 2752 (1)
305 2705 511 2754 syntagma
546 2701 832 2755 Inscffiptt'onum
865 2702 978 2743 Anti·
1093 2704 1152 2754 [3]
1185 2703 1282 2756 Pag.
1315 2708 1408 2749 169.
1444 2705 1488 2744 In
1521 2705 1805 2747 Additamenffs
1839 2707 1888 2746 ad

147 2772 306 2812 quarum
327 2782 338 2793 .
368 2756 484 2797 Clam
503 2771 564 2797 xx.
583 2772 686 2796 nurn-
702 2764 770 2797 62.
1040 2771 1130 2810 pag.
1146 2761 1208 2798 82.

204 2819 266 2861 (2)
302 2811 374 2852 Adi
394 2811 561 2852 Gotitim
582 2811 618 2850 in
636 2812 890 2852 columbario
909 2815 985 2851 &c.
1096 2817 1160 2861 (4)
1193 2815 1238 2852 In
1260 2814 1551 2864 August0.Vide
1573 2814 1615 2852 fis
1635 2816 1888 2865 Caparxxm.

150 2871 278 2907 Num.
299 2879 448 2907 Lxxxv.
465 2879 550 2917 pag.
571 2876 657 2912 129.
673 2870 708 2905 Sc
728 2877 821 2912 130.
841 2866 920 2905 Ubi
942 2880 988 2906 ex
1044 2868 1146 2918 Cap.
1187 2878 1335 2906 xxx1v.
1383 2869 1484 2919 Cap.
1518 2878 1614 2906 xtv.
1659 2871 1760 2918 Cap.
1794 2880 1888 2908 va.

152 2926 328 2962 Gruteto
347 2947 358 2963 ‚
398 2922 576 2959 Reinefio
592 2946 606 2962 ‚
641 2922 785 2968 Sponjo
804 2946 817 2963 ,
846 2933 887 2958 ac
921 2923 993 2960 Fa·
1052 2922 1148 2972 Cap.
1174 2933 1270 2960 vax
1288 2932 1318 2956 ι.
1336 2923 1590 2974 (Σεμικκιι.
1609 2923 1888 2975 Cap-xxxin.

156 2979 292 3018 btetto
309 3001 322 3020 ,
342 2975 461 3015 multa
480 2975 630 3016 erudite
651 2974 833 3017 desctibit
852 2996 867 3012 ο
1053 2979 1088 3014 8(
1106 2975 1221 3015 et'tam
1242 2974 1331 3015 aiibi
1354 3000 1365 3013 .

1965 298 2112 342 CAP.
2158 301 2224 341 XX
