2535 3862
615 255 703 316 94
1021 235 1909 297 DissER-rA-rio

229 319 351 359 cm,
386 325 515 365 XXW
615 347 842 390 corona
880 321 1287 398 redimitum,
1330 346 1400 385 ac
1441 323 1598 410 pelle
1639 321 1886 409 caprina
1910 361 1930 391 ,
1968 322 2196 407 (prout
2233 346 2338 386 va-

606 423 688 486 rii
731 415 886 480 finus
921 435 1051 480 arte
1090 412 1232 480 fasti
1282 415 1561 508 indigere
1604 414 1947 489 videntur)
1992 415 2178 480 modo
2222 420 2338 480 vil-

608 509 781 586 losa,
822 509 1014 577 modo
1056 507 1361 601 simplici,
1400 536 1468 575 ac
1509 509 1673 574 nuda
1714 556 1732 585 ,
1771 509 1934 571 circa
1977 507 2209 572 collum
2253 507 2338 573 af-

606 602 775 670 fabre
811 600 1100 696 dispofita
1141 654 1162 682 ,
1212 602 1380 696 siglis
1430 602 1591 670 hisce
1629 598 1914 693 adpositis
1944 648 1959 662 .
2005 603 2080 660 T’.
2126 616 2201 660 Φ.
2250 621 2287 660 Σ
2318 650 2331 663 .

608 698 840 763 scilicet
903 713 1038 756 Tor
1088 710 1372 755 ΦΛΑΒιΟΥ
1416 711 1766 756 ΣΥΡΛΞΤΟΥ
1805 743 1821 759 .
1898 691 2340 780 servaturque„

607 792 801 860 modo
847 798 906 855 in
951 785 1153 877 Museo
1205 785 1455 852 Viilorio
1496 836 1513 850 .
1571 788 1850 874 Reliquit
1891 790 2150 855 Sirletus
2195 834 2214 862 ‚
2279 784 2344 852 ἃ

607 885 699 953 sui
742 884 1117 952 desiderium
1156 928 1175 955 ,
1233 879 1300 948 ὃς
1334 884 1541 971 plures
1586 879 1745 947 filios
1793 908 1869 949 ex
1913 891 2099 949 Anna
2144 882 2341 945 Ciolli

606 989 870 1074 conjuge
902 978 1052 1052 sua,
1098 1000 1371 1064 quorum
1411 977 1538 1041 duo
1584 975 1749 1042 idem
1794 976 2101 1068 scalpendi
2149 979 2346 1040 Gem-

601 1100 737 1141 mas
779 1069 1168 1164 propositum
1204 1067 1344 1136 sunt
1390 1068 1665 1159 sequuti,
1691 1072 2019 1159 Franciscus
2042 1118 2062 1146 ,
2091 1068 2154 1136 ὃ(
2181 1069 2345 1153 Ray—

602 1172 834 1234 mundus
857 1216 872 1230 .
918 1168 1046 1233 Hic
1085 1166 1297 1255 paullo
1335 1162 1466 1253 post
1501 1163 1754 1230 deceffit
1788 1166 2187 1230 matrimonio
2206 1171 2345 1247 jun-

587 1265 735 1330 sstus
771 1264 1001 1327 :Alter
1042 1282 1193 1323 cum
1236 1258 1419 1324 laude
1462 1254 1583 1322 sese
1631 1261 1852 1325 eodem
1890 1257 2092 1324 studio
2138 1261 2340 1345 quoti-

603 1360 700 1425 die
742 1365 959 1423 Romae
997 1371 1284 1430 exercet,
1324 1354 1516 1444 patris
1560 1350 1789 1419 famam
1831 1352 2284 1444 adsequuturus
2321 1401 2336 1416 .

601 1455 866 1544 ‘Joannes
894 1448 1259 1516 Constantius
1290 1451 1422 1540 pari
1460 1451 1684 1515 merito
1727 1451 1860 1515 heic
1898 1449 2203 1513 nominari
2237 1445 2337 1511 de-

604 1549 711 1614 bet
749 1595 770 1628 ‚
826 1549 932 1635 qui
978 1543 1258 1636 pluribus
1303 1543 1377 1608 ab
1421 1544 1597 1608 heinc
1640 1546 1809 1608 annis
1859 1542 2337 1609 Adamantem„

604 1664 850 1731 quoque
892 1642 1155 1704 tentavit
1191 1686 1213 1714 ,
1248 1641 1455 1703 caelata
1495 1639 1555 1701 in
1596 1661 1667 1701 eo
1713 1640 1984 1703 Neronis
2024 1638 2336 1728 imagine3

602 1757 800 1825 neque
847 1732 922 1798 ab
960 1731 1183 1796 eodem
1220 1731 1524 1795 avellendi
1564 1728 1700 1797 sunt
1739 1736 1861 1817 ejus
1899 1729 2012 1796 filii
2049 1730 2284 1796 Carolus
2313 1779 2332 1808 ,

603 1828 669 1898 ὃς
718 1829 966 1895 Thomas
993 1874 1013 1903 ‚
1046 1853 1077 1891 a
1114 1823 1336 1914 quibus
1375 1828 1536 1890 miro
1572 1823 1836 1890 artificio
1877 1828 2080 1917 plures
2118 1823 2336 1891 inscul-

603 1945 722 2015 ptae
759 1921 1016 1988 fuerunt
1050 1941 1316 2011 gemmae
1354 1915 1628 2009 pretiosae
1657 1968 1676 1996 ,
1702 1918 1767 1988 ὅ(
1806 1924 1864 1984 in
1895 1921 2020 1984 dies
2053 1920 2336 1985 incidun-

602 2039 738 2085 tur.
777 2021 949 2081 Inter
982 2033 1212 2077 ceteras
1248 2012 1581 2098 laudantur
1627 2015 1920 2106 imagines
1937 2014 2159 2104 jacobi
2197 2042 2220 2079 1
2245 2020 2337 2081 11.

600 2112 793 2203 Regis
828 2106 1079 2178 Stuardi
1125 2112 1343 2172 Romae
1382 2113 1831 2173 commorantis
1858 2157 1878 2185 ,
1918 2111 2141 2174 Renati
2186 2115 2339 2176 Car-

603 2206 822 2274 dinalis
868 2204 1221 2293 Imperialis
1264 2250 1284 2278 ,
1353 2199 1418 2269 ὅ(
1473 2204 1741 2294 Georgii
1789 2204 2059 2295 Spinulae
2109 2207 2337 2293 pariter

605 2299 957 2368 Cardinalis
991 2343 1012 2370 ,
1054 2316 1167 2358 nec
1201 2317 1323 2358 non
1367 2293 1654 2386 Episcopi
1699 2297 2043 2365 Praenestini
2086 2344 2106 2372 ,
2151 2304 2335 2380 jam-2

608 2398 760 2460 olim
811 2391 1015 2459 Tituli
1065 2386 1301 2454 Sanffilae
1349 2391 1617 2481 Agnetis
1661 2437 1681 2467 ,
1752 2416 1944 2482 nuper
1996 2387 2269 2456 defun&
2318 2446 2338 2473 ‚

607 2513 758 2579 quas
797 2507 1075 2579 gemmas
1112 2479 1232 2547 suis
1270 2483 1619 2558 nominibus
1661 2483 2065 2551 distinxerunt
2110 2535 2124 2549 .
2181 2492 2339 2553 Lau-

607 2582 844 2650 dandus
881 2579 1101 2645 itidem
1138 2576 1225 2642 est
1261 2577 1591 2643 Dominicus
1628 2579 1859 2646 Landus
1881 2629 1901 2658 ‚
1942 2582 2158 2645 multis
2212 2588 2334 2648 Ro·

613 2703 729 2743 mae
780 2676 1026 2768 egregie
1069 2670 1389 2764 insculptis
1432 2676 1698 2765 gemmis
1739 2679 1939 2742 clarus
1982 2725 1997 2740 .
2045 2681 2200 2740 Duae
2243 2680 2331 2742 in-

615 2792 710 2838 ter
742 2795 838 2836 eas
858 2818 878 2847 ,
915 2787 1111 2834 ovatae
1139 2763 1355 2834 formae
1375 2818 1396 2847 ,
1429 2768 1531 2834 sed
1563 2769 1915 2838 transversae
1949 2769 2162 2864 figurae
2191 2797 2332 2838 anu·

621 2869 812 2932 larem
862 2864 1192 2931 modulum
1239 2864 1597 2932 excedentes
1646 2866 2074 2935 laudabiliores
2123 2866 2331 2931 viden-2

2181 2980 2327 3041 tur9
