2535 3862
1784 142 1915 201 129

275 318 473 372 Errata
512 315 900 391 typographica
924 352 943 383 ‚
980 313 1012 370 fi
1052 333 1164 389 quae
1205 312 1319 370 sunt
1352 314 1404 370 in
1436 316 1539 371 hoc
1566 314 1753 386 Opere
1790 309 1909 383 (ita

191 404 254 449 ut
290 392 530 453 deficere
566 435 585 464 ‚
622 394 710 449 vel
750 392 1024 451 abundare
1059 395 1292 468 aliquam
1327 392 1550 449 literam
1593 388 1786 447 mediis
1825 389 1905 446 di.

194 472 456 532 &ionibus
496 468 712 531 fortaffe
743 472 1089 548 contigerit)
1117 493 1137 541 ‚‘
1175 474 1425 529 Austoris
1455 472 1673 528 incuriae
1706 487 1776 526 ne
1812 468 1915 525 tri.

196 551 427 607 buantor
450 591 469 620 ‚
504 549 596 608 sed
632 568 736 625 qua
777 569 874 625 par
908 549 983 606 est
1024 551 1367 605 humanitate
1391 589 1408 618 ‚
1451 550 1543 624 qui
1581 549 1773 621 legent
1813 566 1912 604 ex-

199 627 420 698 cusent,
451 634 501 688 δε
538 631 854 703 corrigant:
891 630 1019 684 Haec
1054 641 1237 684 autem
1277 630 1692 701 recognovimus
1730 644 1916 685 emen-

199 707 408 763 danda.

543 863 646 920 IN
726 862 1560 920 DISSERTATIONE

354 998 484 1070 Pag.
524 1013 604 1051 12.
661 993 758 1050 lin.
801 1010 857 1065 4.
913 993 1207 1053 ademserit
1249 997 1358 1073 lege
1399 994 1668 1054 ademerit

518 1077 609 1127 28.
771 1090 860 1137 27.
903 1073 1168 1152 dassinaffi}
1407 1073 1672 1153 destinaffi}

513 1153 606 1216 56.
775 1170 858 1226 19.
902 1170 1049 1209 exors
1405 1156 1576 1232 exsbrs

209 1329 533 1341 Vm-

565 1463 652 1505 IN
725 1460 1543 1506 ADNOTATIONIBUS

366 1587 455 1635 Γᾶς.
479 1594 525 1625 17
560 1584 623 1631 (4)
653 1585 727 1622 lin.
756 1598 794 1633 4.
816 1583 960 1635 foculos
1046 1587 1128 1637 iege
1204 1584 1367 1636 sacculos

472 1662 536 1698 88.
565 1662 626 1708 (1)
652 1660 718 1700 lin.
747 1675 787 1705 9.
817 1662 883 1701 alli
1210 1664 1272 1702 alii

438 1750 524 1787 103.
555 1742 616 1788 (3)
650 1738 721 1778 lin.
749 1753 787 1789 3.
818 1738 1020 1778 lacunaria
1196 1738 1396 1781 lacunaria

293 1992 492 2058 Atqui,
523 1985 738 2060 eastmt
770 1984 1242 2040 animadvertenda
1277 1992 1497 2055 peccata
1532 1985 1757 2036 maxime
1777 1998 1929 2054 2quae

206 2064 509 2136 211⁷Zffi'cillime
536 2074 910 2135 praecaventur
934 2101 949 2116 .

796 2194 1000 2251 Cicero
1018 2210 1117 2267 pro
1136 2195 1308 2249 Sexto
1326 2189 1530 2248 Roscio
1550 2192 1816 2248 Amerino
1831 2230 1848 2245 .
