2535 3862
617 183 1494 251 GLYPTOGRAPHICA.
1816 202 1902 264 45

186 278 328 344 dam
364 324 384 354 ,
428 277 619 342 veluti
667 275 1002 365 quidquam
1054 277 1415 369 praebiturus
1459 278 1591 356 illi,
1636 278 1766 368 quae
1810 274 1914 343 ad.-

183 371 337 437 fidet
387 369 615 437 finistra
658 419 676 447 ,
724 368 991 437 vestibus
1034 396 1216 438 aureo
1250 426 1270 454 ,
1323 397 1753 465 purpureoque
1811 377 1917 440 <to-3

182 470 311 535 lore
347 516 367 544 ,
436 463 538 531 sed
587 463 870 535 subfusco
911 469 1246 561 variegatis
1285 519 1303 547 ,
1358 489 1538 557 atque
1580 466 1859 534 discretis
1899 515 1914 533 .

185 564 427 628 Omnes
481 580 688 627 autem
734 562 964 626 Monih
1006 558 1169 626 circa
1221 566 1457 629 collum
1499 563 1871 629 decorantur
1902 613 1916 630 .

184 660 444 750 Legitur
502 656 755 722 dextera
814 672 987 744 parte
1052 655 1248 721 tribus
1304 659 1480 723 lineis
1538 660 1867 750 epigraphe
1905 708 1922 723 .

181 774 450 817 ANIMA
503 772 785 816 DVLCIS
834 772 954 813 PIE
1003 772 1082 813 Z.
1137 749 1286 815 idest
1334 774 1452 815 PIE
1503 774 1719 815 zEsES
1770 762 1872 834 (1)
1905 776 1926 818 .’

182 849 406 922 Plura,
448 869 579 933 quae
619 841 953 909 differenda
998 862 1316 910 remanent
1359 845 1436 910 de
1476 847 1636 925 hoc,
1673 848 1924 937 alioque

181 943 385 1031 paullo
424 959 560 1004 ante
603 936 912 1028 descripto
957 940 1260 1006 rariffimo
1302 943 1688 1008 monimento
1711 990 1732 1019 ,
1776 941 1923 1008 alibi

185 1035 505 1102 trastanda
559 1038 959 1124 relinquimus
1015 1060 1089 1101 ne
1134 1035 1460 1102 videamur
1511 1037 1924 1103 eruditionem

184 1129 485 1197 ostentare
528 1132 731 1207 velle,
780 1155 971 1219 quum
1012 1155 1132 1197 non
1172 1152 1422 1221 oportet
1451 1182 1464 1197 .
1506 1132 1798 1224 Disputat
1839 1153 1924 1198 ta·-

185 1251 326 1292 men
378 1228 777 1292 Bonarrotius
817 1234 921 1308 (2)
963 1274 982 1303 ,
1044 1251 1120 1292 an
1164 1248 1523 1293 ornamenta
1562 1277 1584 1306 ‚
1642 1252 1772 1318 quae
1812 1252 1922 1294 nos

187 1324 454 1387 Monilia
487 1323 873 1411 *appellamus
900 1369 920 1398 ,
965 1319 1300 1410 praesertim
1341 1326 1403 1388 in
1446 1326 1707 1413 antiquis
1746 1322 1924 1391 vafi-

190 1416 301 1482 bus
356 1419 566 1482 vitreis
601 1463 622 1492 ‚
681 1419 765 1482 ita
810 1417 1115 1484 nominari
1161 1417 1418 1484 debeant
1451 1467 1473 1496 ‚
1531 1417 1654 1485 five
1716 1422 1923 1510 potius

189 1516 526 1603 Segmenta
566 1509 734 1588 dici,
786 1514 1003 1578 Servio
1050 1517 1151 1597 (3)
1202 1514 1497 1578 inhaerens
1524 1562 1545 1591 ,
1588 1533 1771 1602 atque
1816 1511 1925 1580 Ifi-

189 1605 346 1671 doro
391 1610 494 1689 (4)
542 1654 557 1669 .
602 1612 697 1671 De
739 1604 898 1672 hisce
937 1610 1289 1696 Segmentis
1326 1655 1348 1686 ‚
1389 1611 1521 1699 agit
1556 1613 1786 1700 pariter
1811 1612 1927 1700 Jo-

190 1725 368 1767 annes
431 1696 775 1769 Schefferus
812 1750 833 1780 ,
888 1702 951 1767 in
1010 1708 1424 1795 Syntagmate
1481 1702 1556 1768 de
1615 1707 1928 1793 Antiquo-

195 1821 333 1862 rum
377 1795 741 1887 Torquibus
778 1846 792 1860 .
850 1801 1005 1863 Sane
1045 1821 1160 1888 pro
1210 1817 1571 1890 temporum
1618 1799 1929 1867 diverfita-

187 1911 251 1958 te
301 1888 523 1984 species
566 1893 827 1956 Monilis
870 1893 1108 1957 variam
1152 1889 1421 1959 formam
1462 1891 1692 1960 sortitae
1736 1893 1875 1963 sunt
1910 1923 1929 1975 3

193 2009 316 2052 non
354 1990 517 2051 enim
559 1989 766 2050 omnia
806 2010 876 2050 ex
915 1986 1239 2052 unionibus
1277 1985 1385 2052 filo
1424 1988 1739 2053 transaffis
1790 2016 1933 2056 con-

195 2081 351 2147 stare
388 2099 779 2171 compertum
811 2077 893 2143 est
919 2127 938 2156 ,
973 2084 1147 2172 quale
1182 2081 1251 2145 ab
1287 2080 1441 2145 Aulo
1479 2081 1777 2149 tribuitur
1808 2093 1929 2152 Ve-

198 2177 330 2240 neri
371 2178 432 2238 in
477 2173 677 2240 nostra
716 2179 1036 2253 Gemma,
1077 2173 1178 2239 sed
1218 2200 1291 2241 ex
1319 2200 1517 2266 panno
1561 2202 1809 2269 quoque
1845 2179 1933 2246 se-

195 2273 326 2336 rico
348 2317 369 2348 ,
419 2272 686 2362 gemmis
709 2318 730 2348 ,
774 2267 840 2339 ὅε
879 2272 1234 2362 margaritis
1273 2291 1493 2338 ornato
1535 2295 1746 2361 parare
1788 2299 1933 2341 con-

195 2362 570 2442 sueverunt,
618 2389 746 2453 quae
788 2388 934 2431 vere
981 2372 1319 2458 Segmenta
1364 2369 1871 2458 nuncupabantur
1909 2421 1930 2451 ‚

199 2458 265 2527 ἃ
302 2483 369 2523 ea
415 2509 434 2538 ,
478 2458 641 2525 haud
684 2463 859 2527 aliter
898 2509 917 2538 ,
969 2466 1132 2527 circa
1174 2464 1408 2527 collum
1447 2461 1875 2531 deferebantur
1914 2518 1929 2533 .

203 2560 396 2623 Suam
428 2557 782 2644 opinionem
821 2554 1236 2648 unusquisque
1274 2576 1560 2624 tueatur:
1593 2564 1931 2629 Gemmam

201 2673 352 2715 vero
401 2648 662 2715 nostram
703 2650 1008 2718 illustrare
1048 2674 1380 2748 pergamus
1406 2705 1421 2718 .

1809 2723 1930 2791 Sed

259 2812 321 2857 (1)
359 2819 435 2848 1³1ss
471 2820 617 2848 zessss
652 2833 661 2845 ·
701 2810 775 2850 hoc
806 2812 856 2851 est
894 2823 1006 2851 13an
1026 2842 1038 2855 .
1099 2817 1158 2865 [ι]
1177 2812 1552 2866 Oſjervazionifhpra
1565 2816 1693 2857 alcuni
1713 2820 1931 2859 Frammen-

212 2876 370 2902 vxvas
395 2889 406 2901 .
443 2864 515 2902 Adi
551 2867 754 2903 Bonarrot.
789 2868 827 2905 in
849 2870 978 2919 Opere
996 2868 1042 2910 de
1099 2871 1129 2909 ti
1147 2869 1188 2908 di
1213 2873 1319 2908 Vetro
1337 2869 1480 2908 antichi
1497 2877 1575 2910 effe.
1597 2878 1779 2925 pag-156·
1801 2886 1818 2911 e
1840 2884 1927 2919 157.

208 2919 348 2958 Vitreis
372 2919 500 2958 Vafib.
523 2932 607 2972 pag.
627 2932 714 2967 204.
732 2924 766 2959 8<
785 2921 892 2973 seqq.
910 2923 979 2961 Sed
1000 2926 1036 2963 δι
1151 2932 1210 2970 (3)
1245 2924 1363 2964 Libro
1385 2936 1416 2963 1.
1437 2922 1637 2964 AEneidum
1655 2955 1669 2969 .
1684 2934 1750 2972 69.

209 2973 539 3027 Fabtetdnscript.
555 2976 703 3029 Cap-w
717 2988 751 3015 1.
768 2980 1034 3030 pag.539.&c.
1148 2982 1210 3028 (4)
1244 2977 1439 3031 Originum
1459 3003 1469 3015 .
1488 2979 1675 3024 Lib-xxx·
1689 2984 1792 3034 Cap.
1809 2995 1931 3033 xxxx.

2018 270 2138 315 CAP·
2167 275 2264 326 xlv
