2535 3862
540 167 1433 242 DORMIENTIBUS.
1753 185 1838 234 21

136 273 481 346 Stauracii
530 269 1056 366 Cartophilacis
1104 268 1520 339 Orationem
1568 264 1654 337 de
1693 266 1847 336 Mi-

133 376 391 450 raculis
444 377 675 447 Sand’ti
699 374 1054 446 Demetrii
1083 368 1522 442 Proconsulis
1553 433 1576 468 9
1625 390 1850 465 quam
1958 387 1960 389 ’

134 482 387 551 Petrus
417 478 830 550 Lambecius
853 471 1416 566 Hamburgenfis
1443 536 1465 569 9
1492 473 1561 541 in
1587 471 1846 544 Biblio-

130 584 335 654 theca
363 581 686 653 Caesarea
708 579 1229 650 commentariis
1253 574 1599 646 illustrata
1617 579 1744 672 (Ι)9
1784 574 1852 646 se

131 682 557 779 descripfiffe
580 687 681 754 ait
706 745 728 777 9
761 705 850 752 ex
876 679 1168 752 vetustis
1200 701 1412 749 manu
1439 676 1716 773 scriptis
1741 702 1850 749 co-

119 789 403 859 dicibus
430 788 500 856 in
524 785 1012 881 supplemento
1035 782 1515 854 Historiarum
1541 782 1626 852 de
1649 782 1845 851 Vitis

130 891 548 964 Sand'torum
571 943 584 957 .
608 886 798 957 Illud
824 911 996 958 vero
1022 885 1611 981 Supplementum
1638 884 1707 952 in
1733 907 1846 954 no-

127 992 344 1063 stram
368 991 657 1063 Italiam
703 988 989 1061 fortasse
1030 988 1339 1060 nondum
1364 986 1677 1060 delatum
1703 985 1796 1058 est
1824 1018 1845 1062 3

129 1096 390 1168 etenim
444 1097 516 1166 in
561 1094 836 1186 magnis
884 1093 1100 1167 Urbis
1123 1092 1575 1165 Bibliothecis
1605 1153 1627 1185 9
1684 1114 1845 1188 quae

129 1217 375 1296 patent
403 1261 425 1296 9
473 1220 637 1270 cum
663 1197 818 1268 aliis
868 1195 1176 1287 ejusdem
1200 1195 1562 1269 Lambecii
1585 1193 1846 1289 Operi—

128 1305 256 1373 bus
282 1366 304 1400 9
332 1323 524 1374 certe
551 1325 686 1372 non
709 1300 1064 1397 reperitur
1090 1332 1111 1377 ‚-
1152 1324 1376 1399 neque
1401 1320 1750 1397 umquam
1774 1298 1845 1366 in

131 1407 336 1478 editis
361 1405 828 1478 celebriorum
853 1404 1454 1476 Bibliothecarum
1505 1399 1845 1492 catalogis

128 1509 696 1581 animadvertisse
722 1509 1015 1580 memini
1045 1531 1060 1574 :
1088 1510 1187 1579 ita
1210 1527 1290 1578 ut
1315 1505 1522 1577 facile
1571 1503 1845 1574 dubita-

129 1614 364 1685 verim
410 1636 538 1708 per
589 1614 861 1683 obitum
890 1611 1081 1683 illius
1109 1613 1273 1682 Viri
1319 1609 1546 1680 adhuc
1570 1605 1843 1676 latere-2

124 1717 457 1787 ineditam
485 1715 686 1785 illam
716 1717 1132 1785 Orationem
1161 1768 1171 1780 .
1229 1715 1559 1785 Mortem
1604 1726 1844 1779 autem

130 1818 338 1890 subiit
386 1820 799 1890 Demetrius
848 1817 1101 1890 lanceis
1163 1817 1581 1889 vulneratus
1630 1831 1843 1909 atque

119 1920 504 1996 consonus,-
559 1922 742 1992 unde
794 1924 1164 1991 raritatem
1204 1918 1418 1988 sumit
1446 1920 1578 1987 hoc
1619 1914 1840 1984 moni-

132 2044 456 2097 mentum
482 2087 504 2120 9
533 2024 723 2121 quod
751 2022 1292 2093 instrumentum
1341 2018 1680 2112 martyrii
1706 2037 1843 2087 una

131 2152 295 2202 cum
341 2128 645 2218 imagine
690 2126 1055 2219 Martyris
1101 2121 1323 2196 refert
1371 2118 1843 2214 contemplan-

136 2234 309 2304 dum
336 2284 348 2298 .
399 2229 529 2301 Sed
580 2227 975 2300 rudiuscule
1026 2228 1459 2322 exprimitur
1509 2225 1581 2292 in
1606 2221 1846 2293 tabula

128 2333 530 2426 Menologii
580 2329 905 2403 Bafiliani
956 2327 1348 2402 AEriincisa
1377 2393 1399 2426 9
1454 2329 1522 2397 in
1548 2349 1690 2424 qua
1711 2329 1848 2397 De-

132 2438 430 2509 metrius
462 2438 531 2506 in
556 2458 835 2507 carcere
859 2435 1184 2506 detentus
1208 2431 1596 2502 delineatus
1620 2427 1747 2524 est⁹
1771 2427 1845 2496 &

136 2539 471 2612 adversus
495 2563 656 2613 eum
709 2537 897 2609 furit
949 2534 1095 2608 sive
1119 2534 1320 2605 miles
1347 2598 1369 2628 9
1397 2530 1545 2604 five
1571 2530 1844 2602 satelles

137 2643 476 2715 immissus
629 2641 1004 2739 lanceaque
1053 2637 1381 2710 eumdem
1436 2631 1841 2726 transfigit:

1615 2733 1808 2895 vgiu'u
1827 2860 1844 2867 -ι

1636 2902 1668 2927 m
1677 2915 1685 2924 .

554 2858 578 2882 u
671 2857 688 2880 e
739 2857 818 2895 ugu¹
845 2843 957 2895 iffima
1015 2837 1482 2898 m01·.pag.136.&·seq.
1512 2838 1616 2895 Sunt·
1683 2837 1734 2877 ol
1772 2850 1783 2882 J
1812 2834 1834 2872 s

944 2921 959 2926 -
1220 2910 1230 2920 π
1459 2906 1468 2919 ⁷
1565 2905 1579 2928 ι
1608 2903 1618 2926 1

1914 264 2053 303 CAP.
2084 262 2218 303 VIII

530 2706 554 2740 5
