2535 3862
236 2376 362 2417 CAP.
391 2380 425 2416 V

160 2436 222 2474 De
243 2434 388 2472 Achate
414 2432 530 2471 Gem-

159 2503 220 2529 ma
241 2516 254 2531 ,
291 2501 364 2540 qua
382 2486 466 2525 usus
484 2487 530 2526 est

165 2546 282 2582 ulidus
305 2573 312 2580 .
352 2545 532 2580 Veterum

161 2599 290 2650 oti-nio

189 2610 532 2636 eeeeeeeeee

161 2653 285 2691 {entur
305 2652 406 2690 cir-a
439 2651 535 2691 hanc

164 2710 371 2747 Genauam
393 2732 404 2744 .

562 260 646 312 10
958 238 1856 299 D1ssERTAT10

553 349 688 400 tota
725 324 847 393 fere
888 325 1048 392 nuda
1093 322 1174 388 est
1200 372 1221 401 ,
1260 321 1558 388 discincto
1594 323 1842 390 baltheo
1866 372 1888 402 ‚
1924 325 2282 421 turgidula‚

556 452 626 493 ac
667 421 1011 512 succipiena
1051 469 1072 498 ‚
1122 419 1197 484 ad
1237 422 1385 485 artis
1425 438 1587 483 certe
1623 416 2093 486 ostentationem
2132 471 2153 498 ,
2220 420 2286 489 ὅζ

553 519 930 588 miraculum
973 513 1206 606 sculpta
1245 565 1258 578 .
1313 520 1386 581 In
1426 511 1714 579 inferiore
1756 562 1777 591 ,
1827 513 2035 580 deflua
2074 518 2288 607 palla„

555 617 792 705 tegitur
830 662 851 690 ,
910 613 1124 677 multis
1161 609 1421 675 flexibus
1459 607 1695 675 sinuosa
1737 659 1758 688 ‚
1810 606 2058 699 ejusque
2099 631 2290 676 extre-

555 712 801 775 mitates
839 709 1147 773 nonnullis
1171 705 1455 771 fiocculis
1491 705 1569 771 ad
1609 708 1790 775 olivae
1815 703 2081 799 figuram
2121 729 2292 771 acce-

555 804 840 872 dentibus
888 822 1304 869 exornantur:
1357 799 1612 891 pedibus
1654 825 1806 868 vero
1846 803 2020 866 nullo
2063 802 2290 867 calcea-

558 904 753 968 menti
803 921 1026 993 genere
1069 898 1297 965 indutis
1338 894 1539 962 efficta
1590 895 1674 962 est
1721 948 1734 962 .
1791 896 2082 963 Advolat
2130 919 2163 961 e
2205 921 2296 961 re-

558 999 744 1090 gione
786 1020 937 1086 puer
978 1001 1185 1061 Amor
1223 994 1538 1083 explicatis
1584 995 1692 1059 alis
1719 1041 1740 1070 ,
1783 989 1848 1058 ὅ(
1887 991 2112 1058 ridenti
2147 1016 2294 1069 ore,

558 1094 787 1181 capillo
833 1087 1266 1165 breviuscuIO,
1304 1089 1650 1176 cirratoque
1674 1136 1693 1163 ,
1732 1086 1988 1151 extensis
2031 1107 2293 1154 autern...»

558 1186 821 1252 brachiis
848 1234 868 1263 ,
907 1182 1352 1272 manibusque,
1388 1207 1458 1247 ac
1497 1181 1711 1276 digitis
1751 1181 1989 1247 ludicre
2029 1187 2295 1250 exertis:

559 1283 839 1373 corporis
884 1278 1040 1345 statu
1078 1280 1492 1370 exprimitur,
1538 1302 1660 1367 quo
1703 1275 1762 1343 se
1813 1297 2032 1372 urgeat
2080 1281 2300 1344 circa-³

559 1376 857 1444 libratum
899 1375 1197 1441 bacillum
1225 1422 1247 1451 ,
1291 1372 1393 1438 seu
1434 1375 1782 1450 calamum,
1827 1392 2153 1464 tamquam
2190 1378 2302 1441 im-

560 1491 917 1565 petraturus
962 1473 1141 1536 illum
1186 1496 1219 1535 a
1262 1488 1458 1535 matre
1496 1517 1516 1545 ‚
1581 1489 1650 1536 ut
1688 1468 1979 1536 eumdem
2027 1470 2305 1537 ludum-³

562 1568 802 1635 luderet
831 1594 846 1630 :
881 1586 1048 1634 totus
1082 1568 1414 1657 pinguior,
1452 1583 1636 1654 atque
1670 1564 1974 1642 habitior,
1999 1569 2088 1630 uti
2123 1569 2303 1656 pueri

564 1663 676 1730 effe
713 1662 946 1728 solent.
997 1666 1073 1726 In
1115 1685 1264 1732 area,
1290 1662 1517 1750 legitur
1557 1679 1786 1724 ATAOC
1824 1711 1837 1726 .
1879 1660 2046 1750 quod
2074 1661 2161 1726 est
2199 1685 2306 1728 no-

565 1783 708 1825 men
751 1759 1096 1846 Sculptoris
1123 1804 1142 1833 ,
1182 1775 1551 1846 quapropter
1591 1752 2178 1849 subintelligendum
2215 1756 2305 1823 est

567 1850 782 1918 Ei‘ionzt
810 1901 824 1916 .
857 1850 1085 1917 scilicet
1110 1851 1296 1916 Aulus
1319 1850 1619 1942 finiebat,
1652 1868 1720 1913 ut
1750 1852 1813 1916 in
1850 1853 2129 1943 pluribus
2169 1856 2304 1919 aliis

569 1944 919 2030 hujusmodi
966 1949 1363 2012 monimentis
1404 1995 1424 2023 ‚
1468 1947 1571 2011 vel
1617 1968 1725 2033 per
1764 1951 1992 2037 primas
2042 1951 2246 2015 literas
2284 1998 2308 2027 ,

569 2038 694 2105 sive
737 2045 1040 2106 elementa
1078 2065 1155 2109 ΕΠ
1198 2091 1213 2104 .
1276 2045 1379 2106 vel
1423 2038 1787 2130 singillatim
1826 2090 1845 2118 ,
1900 2041 2178 2110 distincte
2221 2063 2310 2110 at-

571 2160 688 2225 que
742 2133 1004 2226 expresse
1036 2185 1057 2214 ‚
1117 2136 1650 2228 quemadmodum
1700 2135 1879 2229 supra
1934 2137 2312 2207 demonstra·

574 2251 711 2297 tum
754 2231 882 2297 est.

580 2421 1070 2612 GEmma,
1111 2425 1175 2487 in
1215 2446 1333 2512 qua
1375 2420 1609 2513 sculpta
1651 2420 1734 2488 est
1772 2427 1990 2492 Venus
2033 2474 2053 2503 ‚
2102 2425 2310 2492 Acha-

836 2537 924 2584 tes
965 2522 1168 2585 varius
1210 2517 1293 2584 est
1324 2566 1345 2595 ‚
1386 2543 1605 2609 nempe
1646 2521 1833 2584 variis
1872 2521 2185 2588 coloribus
2222 2520 2311 2587 di-

580 2615 869 2691 stinctuS,
910 2619 1014 2704 qui
1047 2635 1250 2681 tamen
1289 2616 1547 2691 leviter,
1583 2639 1652 2679 ac
1694 2613 1942 2682 demisse
1974 2617 2309 2708 adparent3

583 2709 868 2777 absumto
902 2714 1126 2776 etenim
1163 2715 1303 2804 igne
1339 2710 1634 2777 cadavere
1657 2758 1678 2787 ‚
1715 2736 1840 2801 quo
1878 2738 2022 2780 cum
2059 2718 2122 2778 in
2160 2715 2310 2779 anti-

586 2832 710 2896 quo
742 2805 1118 2901 sarcophago
1150 2808 1401 2899 reperiri
1430 2809 1691 2895 contigit
1722 2814 1909 2876 Anno
1932 2832 2306 2876 MDCCXXXV.

589 2905 838 2972 ,Anulus
895 2925 1138 2994 quoque
1197 2928 1342 2971 eum
1402 2900 1675 2995 pretioso
1723 2907 1938 2999 lapillo
1988 2903 2310 2973 semiustus

2155 2997 2273 3068 fuit
2293 3051 2310 3066 ,
