2535 3862
160 1878 283 1917 CAP.
332 1876 463 1915 XXVI

154 1933 214 1970 De
232 1928 496 1982 Scalptotibus

120 1986 375 2026 Gemmatum
425 1996 495 2022 no·

121 2040 191 2078 stra
208 2051 318 2080 aetate
353 2038 493 2082 floren-

117 2092 223 2133 tibus
242 2121 249 2131 .

537 259 623 315 92
964 238 1840 298 DISSERTATIO

535 348 830 415 QONIAM
873 372 887 388 .
957 344 1297 390 EMMANVEL
1335 375 1349 388 .
1422 329 1497 389 In
1561 328 1684 388 ima
1734 344 1907 415 parte
1960 330 2186 419 legitur
2229 374 2243 393 .

528 442 675 487 ANN.
714 439 1051 484 1V3.Mncc.
1096 425 1262 483 Area
1302 416 1681 483 numismatis
1706 466 1726 495 ,
1761 418 1890 508 post
1931 423 2258 512 imagines}

530 514 860 581 Columnis
884 559 905 588 ‚
950 509 1246 600 epistyliis
1276 561 1295 589 ,
1332 511 1642 603 parastatis
1669 561 1689 590 ,
1740 516 2028 604 zophoris
2056 562 2075 591 ,
2120 539 2252 604 pro—

517 607 773 691 jefiuris
811 628 1181 670 coronarum
1206 655 1224 683 ,
1266 604 1600 673 fornicibus
1626 656 1646 685 ,
1687 612 2041 698 pavimento
2067 657 2087 686 ‚
2129 612 2256 698 qui-

531 701 639 766 bus
684 699 950 766 Bafilicae
992 704 1265 790 porticus
1307 704 1549 767 exculta
1593 700 1675 767 est
1713 751 1733 780 ,
1795 705 1947 768 mire
1995 724 2256 768 exorna*

528 814 632 860 tur
657 843 679 872 ‚
702 813 770 860 ut
795 792 1174 860 ostendimus
1200 796 1478 886 adposito
1511 795 1689 887 supra
1714 799 2033 863 Schemate
2065 847 2077 861 .
2107 801 2254 865 Hoc

531 913 685 980 opus
704 936 725 966 ,
756 888 923 978 quod
943 894 1003 953 in
1033 888 1234 978 Mufto
1274 891 1522 956 ViHorio
1557 888 1917 957 adservatur
1940 940 1959 969 ,
1994 891 2146 957 adeo
2168 891 2257 956 di·

531 987 749 1074 ligenti
777 982 975 1049 studio
1004 1032 1024 1061 ‚
1062 1004 1266 1051 totum
1309 987 1579 1050 viriculo
1614 989 1992 1076 perpolitum
2027 984 2109 1052 est
2146 1034 2166 1063 ,
2194 1004 2260 1052 ut

534 1101 827 1143 nummus
856 1078 1141 1143 omnibus
1176 1083 1278 1168 qui
1313 1077 1761 1170 specstaverint,
1796 1081 1968 1145 cusus
2001 1084 2259 1146 omnino

531 1170 817 1237 videatur
856 1218 875 1246 ,
932 1170 995 1239 ὅ(
1052 1176 1159 1239 vix
1202 1177 1364 1239 lente
1409 1172 1764 1262 crystallina
1809 1172 2109 1239 indicium
2162 1177 2263 1241 ali-

530 1266 697 1355 quod
733 1262 982 1332 fufionis
1021 1287 1300 1359 emergat
1323 1317 1337 1332 .
1379 1274 1573 1336 Porro
1602 1267 1951 1335 Cardinalis
1991 1265 2265 1360 effigieS,

531 1363 780 1450 reliquae
820 1364 1116 1454 imagines
1151 1411 1170 1440 ,
1243 1363 1619 1429 charafieres
1656 1412 1676 1439 ‚
1723 1382 1903 1451 atque
1946 1385 2268 1431 ornamen-

531 1473 595 1519 ta
620 1503 639 1531 ,
685 1458 769 1520 ita
808 1458 1023 1522 limata
1063 1456 1247 1535 sunt,
1288 1476 1358 1523 ut
1398 1481 1492 1524 ars
1532 1459 1684 1522 nihil
1729 1460 1887 1523 ultra
1924 1454 2086 1548 posse
2131 1480 2268 1547 pro-

534 1547 715 1614 ficere
748 1598 768 1628 ,
805 1547 947 1616 satis
991 1550 1267 1617 ostendat
1310 1603 1324 1617 .
1369 1554 1490 1619 Sed
1524 1555 1675 1618 alios
1715 1557 2126 1617 Gemmarum
2163 1577 2266 1617 cae-

536 1645 758 1707 latores
803 1643 998 1708 adhuc
1045 1644 1433 1734 superstiteS,
1487 1650 1590 1711 vel
1645 1670 1834 1737 nuper
1883 1643 2207 1714 defundios
2245 1693 2264 1723 ,

539 1738 765 1827 Capite
815 1734 1154 1829 insequenti
1195 1740 1859 1808 commemorabimus·

636 1930 826 1994 Gitur
873 1924 1073 1995 nostra
1121 1955 1368 2020 quoque
1412 1953 1554 2000 aetas
1599 1930 1958 1999 celebranda
2001 1932 2086 2000 est
2127 1983 2147 2012 ‚
2201 1933 2265 2002 ὃς

537 1928 612 2113 Ι
667 2020 825 2088 forte
883 2019 1132 2088 fortuna
1167 2073 1189 2101 ,
1249 2030 1466 2092 ceteris
1510 2027 1703 2091 medii
1741 2031 1854 2094 aevi
1901 2028 2269 2120 tempestati-

537 2121 650 2184 bus
696 2115 1070 2207 praeferenda
1113 2146 1133 2197 3
1192 2123 1394 2187 multa
1452 2125 1681 2186 etenim
1741 2125 1986 2215 egregia
2027 2148 2212 2214 opera
2249 2171 2270 2200 ,

537 2212 755 2278 eodem
792 2210 1054 2279 artificio
1089 2238 1279 2303 nuper
1316 2215 1624 2281 elaborata
1649 2265 1669 2293 ,
1704 2215 2003 2282 recenseri
2037 2214 2273 2309 possent

537 2307 850 2373 veteribus
895 2309 1150 2370 omnino
1193 2308 1608 2397 comparanda
1639 2358 1653 2374 .
1698 2311 1822 2377 Sed
1863 2335 1976 2402 pro
2013 2311 2270 2378 instituti

539 2404 812 2475 ratione,
834 2401 1026 2466 Viros
1066 2403 1267 2467 claros
1307 2399 1618 2470 ostendam
1642 2451 1664 2480 ‚
1689 2427 1881 2494 pauca
1916 2424 2155 2471 tantum
2190 2406 2267 2470 de

539 2497 805 2587 gemmis
862 2492 937 2559 ab
990 2490 1219 2560 eisdem
1267 2499 1491 2563 caelatis
1544 2499 1729 2564 verba
1786 2494 2095 2565 fasturuS.
2152 2505 2270 2566 Lu-

540 2593 646 2656 bet
683 2588 968 2655 omnibus
1011 2587 1307 2655 anteferre
1355 2615 1579 2657 nomen
1637 2593 1851 2660 Flavii
1887 2591 2093 2659 Sirleti
2138 2602 2270 2661 Au-

546 2680 733 2750 rificis
765 2731 787 2760 ,
840 2686 1193 2749 Gemmarii
1225 2733 1246 2762 ,
1312 2710 1380 2750 ac
1435 2689 1760 2752 Caelatoris
1803 2685 2092 2780 insignis,
2146 2697 2271 2756 An»

549 2801 631 2844 no
676 2800 1094 2846 Mnccxxxvn.
1159 2783 1286 2846 vita
1341 2776 1537 2848 fun&
1591 2804 1770 2849 xvm.
1819 2783 2125 2852 Kalendas
2165 2791 2270 2852 Se-

555 2871 852 2965 ptembris
878 2921 898 2951 ‚
934 2873 1227 2942 videlicet
1261 2878 1381 2942 Die
1410 2897 1520 2964 Xy.
1562 2876 1828 2972 Augusti
1856 2927 1877 2956 ,
1923 2885 2093 2964 cujus
2127 2903 2272 2971 prae-

2178 2993 2270 3039 tes
