2535 3862
632 247 726 336 72
857 238 977 310 DE
1004 230 1115 307 SS.
1145 231 1453 305 SEPTEM
1478 233 2131 311 DOlessNrtssus.

278 331 425 387 9⁴²²
456 336 539 387 xx
627 336 1035 415 concinnam
1087 332 1519 432 patefaciant
1570 387 1584 403 .
1672 333 1999 409 profesto
2051 359 2342 439 quoquo

629 440 839 516 modo
863 440 1217 512 cohaerent
1242 436 1629 511 istiusmodi
1665 440 1941 511 nummi
1968 462 2131 512 cum
2153 442 2341 513 Basi-

631 545 710 615 lii
733 540 1151 635 Menologio
1181 606 1205 643 a
1245 543 1445 632 cujus
1470 541 1770 637 picturae
1816 544 1998 614 ratio
2023 545 2345 635 gentium

627 646 1091 719 barbararum
1160 663 1389 717 totam
1443 645 1803 740 Europam
1868 646 2138 743 pessum
2190 645 2350 716 dan-

631 750 819 821 tium
841 749 1265 820 memoriam
1288 748 1573 820 exhibet
1599 812 1624 845 ,
1651 766 1866 846 atque
1894 767 2139 845 aperte
2180 771 2348 844 pro-

631 852 740 924 dit
770 903 784 917 .
818 850 1122 923 Gemma
1157 874 1331 924 vero
1357 869 1590 922 artem
1617 851 1819 923 Italis
1844 850 2348 924 vetustioribus

633 950 1074 1028 conformem
1129 953 1442 1054 redolet>
1501 978 1542 1026 a
1573 955 1829 1052 quibus
1875 974 2064 1027 certe
2088 954 2352 1025 didice-

630 1075 804 1130 runt
855 1057 1153 1128 Barbari
1181 1119 1205 1154 9
1259 1080 1395 1128 non
1448 1057 1741 1154 quidem
1765 1080 1806 1127 a
1826 1058 2153 1129 Barbaris
2203 1059 2351 1128 Ita-

633 1161 688 1233 li
715 1162 817 1245 (1)
844 1217 867 1253 9
893 1174 974 1227 ut
999 1158 1337 1250 vulgares
1367 1161 1686 1230 homines
1731 1157 1973 1232 inscite
1996 1160 2355 1257 dictitant„

634 1259 913 1361 quoties
965 1258 1051 1331 de
1101 1262 1240 1333 hac
1295 1284 1373 1333 re
1396 1262 1645 1334 incidit
1670 1260 1940 1334 sermo.
1995 1257 2353 1355 Qamvis

631 1364 862 1458 igitur
917 1360 1003 1434 de
1054 1387 1215 1435 :evo
1265 1364 1625 1437 caelaturae
1673 1362 1849 1436 sacri
1903 1366 2358 1436 Toreumatis

634 1465 860 1563 usque
911 1464 1083 1538 adeo
1132 1465 1471 1539 illustrati
1522 1467 1609 1539 ad
1631 1466 1950 1538 amuffim
1988 1468 2359 1558 judicarej·

636 1566 1194 1666 haudquaquam
1226 1571 1633 1669 audeamus„
1661 1595 1751 1644 ex
1778 1568 1943 1666 ipsis
1968 1590 2201 1642 tamen
2224 1594 2358 1642 cce-

640 1671 894 1744 laturae
923 1674 1108 1742 notis
1149 1675 1419 1746 Saeculo
1445 1692 1536 1745 lx.
1561 1673 1638 1742 &
1665 1673 1949 1747 fortasse
1972 1692 2127 1749 Vlll.
2159 1691 2362 1750 vetu-

634 1773 924 1845 stiorem
954 1773 1273 1845 eamdem
1300 1778 1681 1849 Gemmam
1709 1777 1940 1873 placet
1971 1777 2301 1847 adserere.

692 1946 759 1996 (ι)
786 1944 844 1984 Ita
868 1943 994 1998 Scipio
1009 1946 1186 1988 Marchio
1209 1948 1383 1988 Maffeius
1397 1950 1472 1989 Vir
1527 1949 1592 1990 fol.
1608 1948 1722 1988 Parte
1742 1960 1777 1987 1.
1804 1949 1891 1987 Lib.
1911 1960 1978 1990 11·
2003 1950 2183 1992 Columna
2213 1953 2357 2000 306·&

632 1998 758 2047 'elatus
773 2024 789 2045 0
803 1997 841 2040 in
857 1996 917 2039 sua
935 2000 1085 2043 Verona
1109 2000 1297 2042 illustrata.
1312 2002 1414 2045 Edit.
1431 2001 1469 2044 in
1528 2013 1620 2052 307.
1633 2006 1669 2044 8<
1686 2003 1803 2045 etiam
1817 2002 1912 2043 alibi
1924 2003 1963 2045 in
1976 2005 2109 2049 eodem
2118 2007 2244 2058 Opere
2265 2029 2278 2046 ·

1992 2899 2350 2986 'APPEN-
